=LDR  01178aam a2200253   4500
=001  13097
=008  230413s2008\\\\sw\fa|||\||||\00|\0\ger\d
=020  \\$a9783037151761
=041  \\$ager
=100  \\$aWachter-Stückelberg$915369$4edt
=245  \\$aVerzeichnis der Toggenburger Hausorgeln erbaut von Wendelin Looser 1720-1790 und Joseph Looser 1749-1822
=260  \\$aPfäffikon$bWalti Bram Verlag$c2008
=300  \\$a47 pages
=600  \0$926050$aLooser, Wendelin$d1720-1790
=600  \0$926051$aLooser, Joseph$d1749-1822
=610  \0$1http://www.wikidata.org/entity/Q21517120$aLooser family$926186
=648  \0$1http://www.wikidata.org/entity/Q7015$a18th Century (1701-1800)$920899
=650  \0$aOrgan$1http://www.wikidata.org/entity/Q1444$92810
=650  \0$aOrganology$1http://www.wikidata.org/entity/Q899293$921400
=650  \0$aBiography$1http://www.wikidata.org/entity/Q36279$91927
=651  \0$1http://www.wikidata.org/entity/Q39$aSwitzerland$920954
=942  \\$cBOO
=952  \\$00$10$2ddc$40$6INS_3_000000000000000_1B_LOOS$70$8INS$913079$aORPH$bORPH$cKTS0$d2020-07-08$eKoopman$i29D68$l0$oINS3.1b LOOS$p20121302$r2021-01-12 00:00:00$w2021-01-12$yBOO$OKoopman
=999  \\$d13097

