=LDR  01129cam a2200241 a 4500
=001  13098
=008  991202s1999\\\\gw\af\\\\b\\\\001\0\ger\\
=041  \\$ager
=100  \\$4aut$aWackernagel, Bettina$918227
=245  10$aMusikinstrumenten des 16. bis 18. Jahrhunderts im Bayerischen Nationalmuseum
=260  \\$aMünchen$bBayerisches Nationalmuseum$c1999
=300  \\$a190 pages
=504  \\$aIncludes bibliographical references and index.
=561  \\$aEx Libris Ton Koopman
=610  \0$aBayerisches Nationalmuseum (Munich, Germany)$91326
=648  \0$a16th Century (1501-1600)$1http://www.wikidata.org/entity/Q7017$920944
=648  \0$a17th Century (1601-1700)$1http://www.wikidata.org/entity/Q7016$920923
=648  \0$a18th Century (1701-1800)$1http://www.wikidata.org/entity/Q7015$920899
=650  \0$aOrganology$1http://www.wikidata.org/entity/Q899293$921400
=651  \0$aMunich (Germany)$1http://www.wikidata.org/entity/Q1726$9268
=942  \\$cBOO
=952  \\$00$10$2ddc$40$6INS_1B_DE_MUN$70$8INS$913080$aORPH$bORPH$cKTS0$d2020-07-08$eKoopman$i28E06$oINS1b DE.MUN$p20121381$r2021-01-12 00:00:00$w2021-01-12$yBOO
=999  \\$d13098

