=LDR  01370cam a2200289 i 4500
=001  13099
=005  20250121142130.0
=008  760213s1975\\\\gw\g\\\\\b\\\\001\0\ger\\
=020  \\$a3795201608 :$cDM65.00
=040  \\$aOI
=041  \\$ager
=100  \\$aWackernagel, Bettina$918227$4aut
=245  10$aJoseph Haydns frühe Klaviersonaten:$bihre Beziehungen zur Klaviermusik um d. Mitte d. 18. Jahrhunderts
=260  \\$aTutzing$bSchneider$c1975
=300  \\$a211 pages$bmusic$c24 cm
=490  0\$aWürzburger musikhistorische Beiträge$v2
=504  \\$aBibliography: p. 203-207.
=600  \0$aHaydn, Joseph$d1732-1809$1http://www.wikidata.org/entity/Q7349$94783
=648  \0$a18th Century (1701-1800)$1http://www.wikidata.org/entity/Q7015$920899
=650  \0$aKeyboard music$1http://www.wikidata.org/entity/Q105715630$921412
=650  \0$aSonata$1http://www.wikidata.org/entity/Q131269$921653
=650  \0$aMusic history$1http://www.wikidata.org/entity/Q846047$921373
=651  \0$aAustria$1http://www.wikidata.org/entity/Q40$9202
=942  \\$cBOO
=952  \\$00$10$2ddc$40$6BIO_HAYD1_E$70$8BIO$913081$aORPH$bORPH$cKTS1_P$d2020-07-08$eKoopman$i31E51$l0$oBIO HAYD1 e$p20123182$r2021-01-12 00:00:00$w2021-01-12$yBOO$OKoopman
=952  \\$00$10$40$70$8COLL_UNK$916428$aORPH$bORPH$cLOC_UNK$g9.00$l0$p2013247$r2021-01-12 00:00:00$w2021-01-12$yBOO$d2020-07-08
=999  \\$d13099

