=LDR  00906    a2200205   4500
=001  13101
=008  211125s2002\\\\\\\|||||\||||\00|\1\dut\d
=020  \\$a9789035124417
=041  \\$adut$hdum
=100  \\$aWackers, P.$4edt$915373
=245  \\$aReynaert in tweevoud$nDeel 2$pReynaerts historie
=260  \\$aAmsterdam$bDelta$bBakker$c2002
=600  \0$aReinaert de Vos$1http://www.wikidata.org/entity/Q505194$923070
=648  \0$aMiddle Ages (500-1400)$1http://www.wikidata.org/entity/Q12554$920964
=650  \0$aLiterature$1http://www.wikidata.org/entity/Q8242$94439
=650  \0$aMoral education$1http://www.wikidata.org/entity/Q25457248$93171
=651  \0$aFlanders (Belgium)$1http://www.wikidata.org/entity/Q234$989
=942  \\$cBOO
=952  \\$00$10$2ddc$40$6LIT_REYN_A$70$8LIT$913083$aORPH$bORPH$cKM12_2_H$d2020-07-08$eKoopman$i38E22_02$oLIT REYN a$p20120378$r2021-01-12 00:00:00$w2021-01-12$yBOO
=999  \\$d13101

