=LDR  00365    a2200109   4500
=001  13102
=100  \\$aWade, R. W.$915374
=245  \\$aThe Keyboard Concertos of Carl Ph
=260  \\$c1979
=942  \\$cBOO
=952  \\$00$10$2ddc$40$6BIO_BACH2_E$70$8BIO$913084$aORPH$bORPH$cKTS1_P$d2020-07-08$eKoopman$i47E22$oBIO BACH2 e$p20123645$r2021-01-12 00:00:00$w2021-01-12$yBOO
=999  \\$c13102$d13102

