=LDR  01097aam a2200265   4500
=001  13103
=003  OSt
=005  20250818122115.0
=008  210208b\\\\\\\\\\\|||||\||||\00|\0\eng\d
=040  \\$cOI
=041  \\$adut
=100  \\$aSmits van Waesberghe, Joseph$d1901-1986$4aut$1http://www.wikidata.org/entity/Q3439934$918704
=245  \\$aGregoriaansche muziek en haar plaats in den katholieke eredienst
=260  \\$aAmsterdam$bBecht$cs.d.
=300  \\$a60 pages
=490  \\$aSymphonia-reeks
=561  \\$aEx libris Jan Boeke
=648  \0$aMiddle Ages (500-1400)$1http://www.wikidata.org/entity/Q12554$920964
=650  \0$aMusic history$1http://www.wikidata.org/entity/Q846047$921373
=650  \0$aPlainchant$1http://www.wikidata.org/entity/Q2707688$921363
=650  \0$aCatholicism$1http://www.wikidata.org/entity/Q1841$921631
=650  \0$aLiturgy$1http://www.wikidata.org/entity/Q172331$92284
=942  \\$cBOO
=952  \\$00$10$2ddc$40$6GEN_2_000000000000000$70$8GEN$913085$aORPH$bORPH$cKM12_1$d2020-07-08$eKoopman$i31C32$l0$oGEN2$p20123238$r2021-01-12 00:00:00$w2021-01-12$yBOO
=999  \\$d13103

