=LDR  00828aam a2200181   4500
=001  13104
=008  230922s1958\\\\||||||||\||||\00|\0\dut\d
=041  \\$adut
=100  \\$aNolthenius, Hélène$d1920-2000$1http://www.wikidata.org/entity/Q1819178$4aut$914688
=245  \\$aNederlands muziekleven in de middeleeuwen
=260  \\$aUtrecht$bHet Spectrum$c1958
=500  \\$aInaugurale rede, 27 October 1958
=648  \0$1http://www.wikidata.org/entity/Q12554$aMiddle Ages (500-1400)$920964
=650  \0$1http://www.wikidata.org/entity/Q846047$aMusic history$921373
=651  \0$1http://www.wikidata.org/entity/Q55$aNetherlands$9173
=942  \\$cBOO
=952  \\$00$10$2ddc$40$6TOP_NL_3_000000000000000$70$8TOP$913086$aORPH$bORPH$cKTS0$d2020-07-08$eKoopman$i24F43$l0$oTOP NL 3$p20125842$r2021-01-12 00:00:00$w2021-01-12$yBOO$OKoopman
=999  \\$d13104

