=LDR  01013aab a2200217   4500
=001  13105
=008  220126s1979\\\\||||||||\||||\00|\0\eng\d
=041  \\$aeng
=100  \\$aWagenaar, Willem A.$4aut$917871
=245  \\$aThe True Inventor of the Magic Lantern:$bKircher, Walgenstein or Huygens?
=260  \\$as.l.$bs.n.$c1979
=300  \\$a15 pages
=490  \\$aJanus. Revue internationale de l'histoire des sciences, de la médecine, de la pharmacie et de la technique$vLXVI
=500  \\$aOffprint
=600  \0$aKircher, Athanasius$d1602-1680$1http://www.wikidata.org/entity/Q76738$97040
=600  \0$aHuygens, Christiaan$d1629-1695$1http://www.wikidata.org/entity/Q39599$921166
=648  \0$a17th Century (1601-1700)$1http://www.wikidata.org/entity/Q7016$920923
=650  \0$aStaging$1http://www.wikidata.org/entity/Q3508687$922118
=942  \\$cBOO
=952  \\$00$10$2ddc$40$6SCI_WAGE$70$8SCI$913087$aORPH$bORPH$cKM12_1$d2020-07-08$eKoopman$i25D34$oSCI WAGE$p20129323$r2021-01-12 00:00:00$w2021-01-12$yBOO
=999  \\$d13105

