=LDR  00989cam a2200241 a 4500
=001  13107
=005  20250926135309.0
=008  950208s1994\\\\gw\g\\\\\b\\\\000\0dger\\
=010  \\$a   95201347 
=020  \\$a3476012689
=035  \\$a(OCoLC)31956627
=040  \\$aMiU$cMiU$dMoSW$dOO$dDLC
=042  \\$alccopycat
=100  \\$aWagner, Günther$915379
=245  14$aDie Sinfonien Carl Philipp Emanuel Bachs :$bwerdende Gattung und Originalgenie /$cGünther Wagner.
=260  \\$aStuttgart ;$aWeimar :$bJ.B. Metzler,$cc1994.
=300  \\$a369 p. :$bmusic ;$c24 cm.
=504  \\$aIncludes bibliographical references (p. [360]-369).
=600  \0$aBach, Carl Philipp Emanuel$d1714-1788$1http://www.wikidata.org/entity/Q76428$99218
=650  \0$aSymphony$1http://www.wikidata.org/entity/Q9734$92527
=942  \\$cBOO
=952  \\$00$10$2ddc$40$6BIO_BACH2_E$70$8BIO$913089$aORPH$bORPH$cKTS1_P$d2020-07-08$eKoopman$i31E40$oBIO BACH2 e$p20123192$r2021-01-12 00:00:00$w2021-01-12$yBOO
=999  \\$c13107$d13107

