=LDR  00864nam a2200205 a 4500
=001  13108
=008  900831s1989\\\\nl\\\\\\\b\\\\001\0\mul\\
=041  0\$ager$deng
=100  \\$aWagner, Georg$915381$4aut
=245  10$aCembalo- und Clavichordbau.$bBibliographie 1830-1985
=246  \1$aHarpsichord and clavichord construction.$bBibliography 1830-1985 
=260  \\$aBuren$bFrits Knuf$c1989
=300  \\$a100 pages$c22 cm.
=490  \\$aKeyboard studies $vVolume 10
=650  \0$aHarpsichord$1http://www.wikidata.org/entity/Q81982$92125
=650  \0$aClavichord$1http://www.wikidata.org/entity/Q191823$92126
=740  0\$aHarpsichord and clavichord construction.
=942  \\$cBOO
=952  \\$00$10$2ddc$40$6INS_3_000000000000000_2B$70$8INS$913090$aORPH$bORPH$cKTS0$d2020-07-08$eKoopman$i23E31$l0$oINS3.2b$p20128935$r2021-01-12 00:00:00$w2021-01-12$yBOO$OKoopman
=999  \\$d13108

