=LDR  00370    a2200109   4500
=001  13110
=100  \\$aWahl, H.$915383
=245  \\$aPrinz Louis Ferdinand von Preußen
=260  \\$c1917
=942  \\$cBOO
=952  \\$00$10$2ddc$40$6BIO_LOUI_A$70$8BIO$913092$aORPH$bORPH$cKTS1_P$d2020-07-08$eKoopman$i47E14$oBIO LOUI a$p20123653$r2021-01-12 00:00:00$w2021-01-12$yBOO$OKoopman
=999  \\$c13110$d13110

