=LDR  00907cam a22002294a 4500
=001  13112
=005  20250821155252.0
=008  040119s2003\\\\ne\a\\\\\c\\\\000\0ddut\\
=020  \\$a9058750973
=040  \\$aOI
=100  \\$aWal, Gijsbert van der,$d-1977$915385
=245  10$aLeven en werk van Willem den Ouden /$cGijsbert van der Wal.
=260  \\$aAmsterdam :$bSUN,$cc2003.
=300  \\$a239 p. :$bill. ;$c30 cm.
=600  \0$aOuden, Willem den$d1928-2025$915387
=700  \\$aOuden, Willem den$d1928-2025$915387
=710  \\$aMuseum Het Rembrandthuis (Amsterdam, Netherlands)$91600
=710  \\$aTeylers Museum (Haarlem, Netherlands)$91790
=710  \\$aMuseum Het Valkhof (Nijmegen, Netherlands)$91791
=942  \\$cBOO
=952  \\$00$10$2ddc$40$6BIO_OUDE_D$70$8BIO$913094$aORPH$bORPH$cKTS1_P$d2020-07-08$eKoopman$i24G53$oBIO OUDE d$p20129304$r2021-01-12 00:00:00$w2021-01-12$yBOO$OKoopman
=999  \\$c13112$d13112

