=LDR  00390    a2200121   4500
=001  13113
=020  \\$a9069845075
=100  \\$aWal, Marijke van der$915388
=245  \\$aOnvoltooid verleden tijd
=260  \\$c2006
=942  \\$cBOO
=952  \\$00$10$2ddc$40$6LIT_WAL_A$70$8LIT$913095$aORPH$bORPH$cKM12_2_H$d2020-07-08$eKoopman$i35C27$oLIT WAL a$p20120734$r2021-01-12 00:00:00$w2021-01-12$yBOO
=999  \\$c13113$d13113

