=LDR  00842    a2200205   4500
=001  13114
=008  220615b\\\\\\\\||||||||\||||\00|\0\###\d
=041  \\$ager
=100  \\$aWalcker-Mayer, Werner$4aut$915389
=245  \\$aDie römische Orgel von Aquincum
=260  \\$c1970$aStuttgard$bVerlagsgesellschaft
=300  \\$a120 pages
=336  \\$aprinted
=650  \0$aOrgan$1http://www.wikidata.org/entity/Q1444$92810
=650  \0$aWater organ$1http://www.wikidata.org/entity/Q918236$93553
=650  \0$aOrganology$1http://www.wikidata.org/entity/Q899293$921400
=651  \0$aBudapest (Hungary)$1http://www.wikidata.org/entity/Q1781$924367
=942  \\$cBOO
=952  \\$00$10$2ddc$40$6INS_3_000000000000000_1E_HU_BUD$70$8INS$913096$aORPH$bORPH$cKTS0$d2020-07-08$eKoopman$i34D33$oINS3.1e HU.BUD$p20120829$r2021-01-12 00:00:00$w2021-01-12$yBOO
=999  \\$d13114

