=LDR  04034cam a2200313 a 4500
=001  13115
=005  20251001162312.0
=008  140314s2013\\\\sz\a\\\\\b\\\\101\0\mul\d
=020  \\$a9783796528989
=020  \\$a3796528988
=041  0\$ager$aita
=100  \\$4edt$aWald-Fuhrmann, Melanie$d1979-$915391
=245  00$aSteinbruch oder Wissensgebäude? $bZur Rezeption von Athanasius Kirchers "Musurgia universalis" in Musiktheorie und Kompositionspraxis
=260  \\$aBasel$bSchwabe$c2013
=300  \\$axv-244 pages$billustrations$c26 cm
=490  \\$aBibliotheca Helvetica Romana$v34
=504  \\$aIncludes bibliographical references (pages 201-234) and index.
=505  \\$gUmfeld und Kontexte. Musica dell'uomo e musica di Dio: aspetti di "storia della musica" nella Musurgia universalis di Athanasius Kircher / Tiziana Pangrazi -- Ramificazioni dell'encyclopedia: Caramuel e Kircher, e l'ars combinatoria nella composizione musicale / Daniele Sabaino -- "Sopra le sciocchezze del Kirchero stampate in Italia": risvolti e strascichi polemici della Musurgia universalis sullo sfondo del Seicento musicale romano / Claudio Annibaldi.$gRezeption im katholischen Raum. "Romanarum Basilicarum Symphoniarchae praestantissimi": la propagazione kircheriana di compositori romani e la politica musicale pontificia / Klaus Pietschmann -- "Was michs kostet, die Indianer in unserer Europäischen Music zu instruiren, ist dem lieben Gott allein bekannt": Kircher und die jesuitische Mission durch Musik in Paraquaria / Jutta Toelle -- Kircher in Wien: Einflüsse auf Theorie und Kompositionspraxis / Melanie Wald-Fuhrmann -- Kirchers Kompositionsschüler an den Habsburgerhöfen: Organisten und Kaiser / Herbert Seifert.$gReaktionen und Debatten in Deutschland. Kircher als musiktheoretischer Gewährsmann protestantischer Autoren um und nach 1700 / Klaus-Jürgen Sachs -- Johann Matthesons Polemik gegen Kircher: Zeichen einer gewandelten Wissenschaftskultur? / Hansjörg Drauschke -- Musik, Magie und Andacht / Laurenz Lütteken -- Ernst Anton Nicolais Die Verbindung der Musik mit der Artzneygelahrheith (Halle 1745) / Andreas Waczkat.
=520  \\$aThis volume is the first to systematically investigate the reception of a work by Athanasius Kircher. Until now, some well-known negative voices had led to the assumption that his prototypical compilatory approach and universal scientific superstructure had also become obsolete with the early modern period. However, the overviews and representative case studies collected here can demonstrate traces of reception at least for his music encyclopaedia Musurgia universalis into the 18th and even 19th centuries, reaching from Ireland to St. Petersburg. The following guiding questions run through the individual texts: Is the Musurgia received as a whole or only in individual components? What does it stand for? In which contexts is it referred to? Can confessionally different ways of reading and using it be identified? Has Kircher's strong emphasis on the connection between theory and compositional practice been implemented? In this way, the book also invites us to think anew about the boundary between early modernity and modernity.
=600  \0$aKircher, Athanasius$d1602-1680$1http://www.wikidata.org/entity/Q76738$97040
=650  \0$aMusic theory$1http://www.wikidata.org/entity/Q193544$92662
=650  \0$aCrescendo$1http://www.wikidata.org/entity/Q2347888$922787
=650  \0$aMusic philosophy and aesthetics$1http://www.wikidata.org/entity/Q2092865$921165
=650  \0$aCatholicism$1http://www.wikidata.org/entity/Q1841$921631
=651  \0$aGermany$1http://www.wikidata.org/entity/Q183$9155
=856  \\$uhttp://bvbr.bib-bvb.de:8991/F?func=service&doc_library=BVB01&local_base=BVB01&doc_number=027091181&line_number=0001&func_code=DB_RECORDS&service_type=MEDIA$zInhaltsverzeichnis
=942  \\$cBOO
=952  \\$00$10$2ddc$40$6BIO_KIRC_E$70$8BIO$913097$aORPH$bORPH$cKTS1_P$d2020-07-08$eKoopman$i45E14$oBIO KIRC e$p20127476$r2021-01-12 00:00:00$w2021-01-12$yBOO
=999  \\$d13115

