=LDR  01003    a2200193   4500
=001  13116
=008  210624s1949\\\\\\\|||||\||||\00|\0\ger\d
=041  \\$ager$heng
=100  \\$aWalker, Daniel Pickering$d1914-1985$4aut$1http://www.wikidata.org/entity/Q3447176$917565
=245  \\$aDer musikalische Humanismus im 16. und frühen 17. Jahrhundert
=260  \\$aKassel$aBasel$bBärenreiter$c1949
=490  \\$aMusikwissenschaftliche Arbeiten Herausgegeben von der Gesellschaft für Musikforschung$v5
=648  \0$a16th Century (1501-1600)$1http://www.wikidata.org/entity/Q7017$920944
=648  \0$a17th Century (1601-1700)$1http://www.wikidata.org/entity/Q7016$920923
=650  \0$aMusic history$1http://www.wikidata.org/entity/Q846047$921373
=765  \\$aMusical Humanism in the 16th and Early 17th Centuries
=942  \\$cBOO
=952  \\$00$10$2ddc$40$6GHM_4_000000000000000$70$8GHM$913098$aORPH$bORPH$cKM12_1$d2020-07-08$eKoopman$i31E41$l0$oGHM 4$p20123191$r2021-01-12 00:00:00$w2021-01-12$yBOO
=999  \\$c13116$d13116

