=LDR  00909cam a2200205 a 4500
=001  13117
=005  20250120115905.0
=008  950124s1995\\\\nyua\\\\\\\\\\001\0\eng\\
=020  \\$a0810981483 (hardcover)
=040  \\$aOI
=100  \\$aWalker, John$d1906-1995$915393
=245  10$aNational Gallery of Art, Washington /$cby John Walker ; foreword by J. Carter Brown.
=250  \\$aNew and rev. ed.
=260  \\$aNew York :$bAbradale Press,$c1995.
=300  \\$a696 p. :$bill. (chiefly col.) ;$c30 cm.
=610  \0$aNational Gallery of Art (Washington, DC, USA)$1http://www.wikidata.org/entity/Q214867$91265
=710  \\$aNational Gallery of Art (Washington, DC, USA)$1http://www.wikidata.org/entity/Q214867$91265
=942  \\$cBOO
=952  \\$00$10$2ddc$40$6VIS_WALK$70$8VIS$913099$aORPH$bORPH$cKTS1_H$d2020-07-08$eKoopman$i20G24$l0$oVIS WALK$p20128164$r2021-01-12 00:00:00$w2021-01-12$yBOO$OKoopman
=999  \\$c13117$d13117

