=LDR  01807aam a2200325   4500
=001  13119
=008  231201s1898\\\\||||||||\||||\00|\0\ger\d
=041  \\$ager
=100  \\$aWalter, Friedrich$d1870-1956$1http://www.wikidata.org/entity/Q1462723$4aut$915395
=245  \\$aGeschichte des Theaters und der Musik am kurpfälzischen Hofe
=250  \\$a1st ed.
=260  \\$aLeipzig$bBreitkopf & Härtel$c1898
=300  \\$a[viii]-378 pages$efold-out plates
=490  \\$aForschungen zur Geschichte Mannheims und des Pfalz herausgegeben von Mannheimer Altertumsverein$v1
=504  \\$aIncludes an index and several appendices
=600  \0$aKarl Theodor$cElector Palatine and Elector of Bavaria$d1724-1799$1http://www.wikidata.org/entity/Q44961$914826
=610  \0$aHouse of Wittelsbach$1http://www.wikidata.org/entity/Q131621$923667
=648  \0$a18th Century (1701-1800)$1http://www.wikidata.org/entity/Q7015$920899
=650  \0$aCourt$1http://www.wikidata.org/entity/Q1134237$922191
=650  \0$aMusic history$1http://www.wikidata.org/entity/Q846047$921373
=650  \0$aTheater history$1http://www.wikidata.org/entity/Q1061140$94607
=650  \0$aOpera$1http://www.wikidata.org/entity/Q1344 $92468
=650  \0$aOrchestra$1http://www.wikidata.org/entity/Q42998$93159
=651  \0$aMannheim (Germany)$1http://www.wikidata.org/entity/Q2119$9218
=651  \0$aDüsseldorf (Germany)$1http://www.wikidata.org/entity/Q1718$927574
=651  \0$aHeidelberg (Germany)$1http://www.wikidata.org/entity/Q2966$921984
=856  \\$uhttps://archive.org/details/geschichtedesthe00walt$3Internet Archive
=942  \\$cBOO
=952  \\$00$10$2ddc$40$6TOP_KTS_C$70$8RAR$913101$aORPH$bORPH$cKTS0$d2020-07-08$eKoopman$i34E34$l1$oTOP-->KTS C$p20120791$r2024-12-18 15:54:40$s2024-11-27$w2021-01-12$yBOO$OKoopman
=999  \\$d13119

