=LDR  01118cam a2200265 a 4500
=001  13121
=003  OSt
=005  20250926134857.0
=008  940503s1994\\\\gw\ag\\\\b\\\\000\0\ger\\
=020  \\$a3782006739
=040  \\$aOI
=041  \\$ager
=100  \\$aWalter, Meinrad$d-1959$4aut$915397
=245  10$aMusik-Sprache des Glaubens :$bzum geistlichen Vokalwerk Johann Sebastian Bachs /$cMeinrad Walter.
=250  \\$a1. Aufl.
=260  \\$aFrankfurt am Main :$bJ. Knecht,$c1994.
=300  \\$a248 pages$bill., music ;$c25 cm.
=504  \\$aIncludes bibliographical references (p. 241-248).
=600  \0$aBach, Johann Sebastian$d1685-1750$1http://www.wikidata.org/entity/Q1339$94766
=600  \0$aBach, Johann Sebastian$d1685-1750$1http://www.wikidata.org/entity/Q1339$94766
=650  \0$aChurch music$1http://www.wikidata.org/entity/Q8812109$92283
=942  \\$cBOO$2ddc
=952  \\$00$10$2ddc$40$6BIO_BACH1_E$70$8BIO$913103$aORPH$bORPH$cKTS1_P$d2020-07-08$eKoopman$i19E01$oBIO BACH1 e$p20127822$r2021-01-12 00:00:00$w2021-01-12$yBOO
=999  \\$c13121$d13121
=651  \0$aGermany$1http://www.wikidata.org/entity/Q183$9155

