=LDR  01076cam a2200229 a 4500
=001  13122
=005  20250120120158.0
=008  911112s1990\\\\gw\ag\\\\b\\\\001\0bger\\
=020  \\$a3820499768
=040  \\$aOI
=100  \\$aWalter, Rudolf$d1918-2009$915399
=245  10$aJohann Caspar Ferdinand Fischer, Hofkapellmeister der Markgrafen von Baden /$cRudolf Walter.
=260  \\$aFrankfurt am Main ;$aNew York :$bP. Lang,$cc1990.
=300  \\$a345 p. :$bill., music ;$c22 cm.
=504  \\$aIncludes bibliographical references (p. 327-332).
=600  \0$aFischer, Johann Caspar Ferdinand$d1656-1746$1http://www.wikidata.org/entity/Q704728$915400
=650  \0$aComposer$1http://www.wikidata.org/entity/Q36834$93625
=942  \\$cBOO
=952  \\$00$10$2ddc$40$6BIO_FISC_D$70$8BIO$913104$aORPH$bORPH$cKTS1_P$d2020-07-08$eKoopman$i42F40$oBIO FISC d$p20121976$r2021-01-12 00:00:00$w2021-01-12$yBOO$OKoopman
=999  \\$c13122$d13122
=490  \\$aQuellen und Studien zur Musikgeschichte von der Antike bis in die Gegenwart,$vBd. 18
=651  \0$aGermany$1http://www.wikidata.org/entity/Q183$9155

