=LDR  00971aam a2200193   4500
=001  13123
=008  240408s1940\\\\||||||||\||||\00|\0\dut\d
=041  \\$adut
=100  \\$aWalther Boer, C. L.$4aut$915401
=245  \\$aHet Anthonius-Motet van Anthonius Busnois
=260  \\$aAmsterdam$bParis$c1940
=590  \\$aOpeningscollege gegeven op 25 september 1940 als privaat-docent in de Muziek van de Middeleeuwen en van de Renaissance aan de Rijksuniversiteit te Leiden
=600  \0$aBusnois, Antoine$d1430-1492$1http://www.wikidata.org/entity/Q317937$922705
=648  \0$a15th Century (1401-1500)$1http://www.wikidata.org/entity/Q7018$921015
=650  \0$aMotet$1http://www.wikidata.org/entity/Q188285$92028
=651  \0$aFlanders (Belgium)$1http://www.wikidata.org/entity/Q234$989
=942  \\$cBOO
=952  \\$00$10$2ddc$40$6BIO_BUSN_E$70$8BIO$913105$aORPH$bORPH$cKTS1_P$d2020-07-08$eKoopman$i23B44$l0$oBIO BUSN e$p20128511$r2021-01-12 00:00:00$w2021-01-12$yBOO$OKoopman
=999  \\$d13123

