=LDR  01023cam a22002291  4500
=001  13125
=005  20250121142130.0
=008  720829r19551708gw\g\\\\\\\\\\000\0\ger\\
=041  \\$ager
=100  \\$aWalther, Johann Gottfried$d1684-1748$4aut$1http://www.wikidata.org/entity/Q61716$915404
=245  10$aPraecepta der musicalischen Composition
=260  \\$aLeipzig$bBreitkopf & Härtel$c1955
=300  \\$a212 pages
=490  \\$aJenaer Beiträge zur Musikforschung$v2
=500  \\$aFirst publication, edited from the holograph at the Landesbibliothek, Weimar (Hs. Q 341c)
=648  \0$a18th Century (1701-1800)$1http://www.wikidata.org/entity/Q7015$920899
=650  \0$aComposing$1http://www.wikidata.org/entity/Q92186587$93076
=651  \0$aGermany$1http://www.wikidata.org/entity/Q183$9155
=700  \\$aBenary, Peter$4edt$99495
=942  \\$cBOO
=952  \\$00$10$2ddc$40$6TRE_WALT$70$8TRE$913107$aORPH$bORPH$cKTS1_H$d2020-07-08$eKoopman$i19E41$l0$oTRE WALT$p20125272$r2021-01-12 00:00:00$w2021-01-12$yBOO
=999  \\$c13125$d13125

