=LDR  01327nam a2200301 a 4500
=001  13126
=005  20250121142130.0
=008  880218s1987\\\\ge\a\\\\\b\\\\001\idger\\
=020  \\$a3370001543
=040  \\$aOI
=041  \\$ager
=100  \\$aWalther, Johann Gottfried$d1684-1748$1http://www.wikidata.org/entity/Q61716$4aut$915404
=245  10$aBriefe
=250  \\$a1st ed.
=260  \\$aLeipzig$bDeutscher Verlag für Musik$c1987
=300  \\$a301 pages$billustrations$c21 cm
=504  \\$aBibliography: p. 264-269.
=600  \0$aWalther, Johann Gottfried$d1684-1748$1http://www.wikidata.org/entity/Q61716$915404
=648  \0$a18th Century (1701-1800)$1http://www.wikidata.org/entity/Q7015$920899
=650  \0$aComposer$1http://www.wikidata.org/entity/Q36834$93625
=650  \0$aMusic theorist$1http://www.wikidata.org/entity/Q16031530$92202
=650  \0$aCorrespondence$1http://www.wikidata.org/entity/Q1784733$921392
=651  \0$aGermany$1http://www.wikidata.org/entity/Q183$9155
=700  \\$aBeckmann, Klaus$99455$4edt
=700  \\$aSchulze, Hans-Joachim$d1934-$1http://www.wikidata.org/entity/Q92055$4edt$911725
=942  \\$cBOO
=952  \\$00$10$2ddc$40$6BIO_WALT2_A$70$8BIO$913108$aORPH$bORPH$cKTS1_P$d2020-07-08$eKoopman$i23B15$oBIO WALT2 a$p20128544$r2021-01-12 00:00:00$w2021-01-12$yBOO$OKoopman
=999  \\$d13126

