=LDR  01517aam a2200253   4500
=001  13127
=008  250107s1950\\\\|||ga|||\||||\00|\0dfre\d
=100  \\$aWangermée, Robert$d1920-2019$1http://www.wikidata.org/entity/Q3436530$917395
=245  \\$aLes maîtres de chant des XVIIe et XVIIIe siècles à la Collégiale de SS. Michel et Gudule à Bruxelles
=260  \\$c1950$aBrussels$bPailais des Académies
=300  \\$a310 pages
=490  \\$aAcadémie royale de Belgique - Classe des Beaux Arts - Mémoires$vTome VI Fascicule 1
=610  \0$aCathedral of St. Michael and St. Gudula (Brussels, Belgium)$1http://www.wikidata.org/entity/Q269654$939382
=648  \0$a17th Century (1601-1700)$1http://www.wikidata.org/entity/Q7016$920923
=648  \0$a18th Century (1701-1800)$1http://www.wikidata.org/entity/Q7015$920899
=650  \0$aMusic history$1http://www.wikidata.org/entity/Q846047$921373
=650  \0$aVocal music$1http://www.wikidata.org/entity/Q685884$93319
=650  \0$aComposer$1http://www.wikidata.org/entity/Q36834$93625
=650  \0$aCappella$1http://www.wikidata.org/entity/Q19902156$922910
=650  \0$aChurch music$1http://www.wikidata.org/entity/Q8812109$1http://www.wikidata.org/entity/Q1065742$92283
=651  \0$aBrussels (Belgium)$1http://www.wikidata.org/entity/Q239$937
=942  \\$cBOO
=952  \\$00$10$2ddc$40$6TOP_BE_BRU1_5_000000000000000$70$8TOP$913109$aORPH$bORPH$cKTS0$d2020-07-08$eKoopman$i19E35$l0$oTOP BE.BRU1 5$p20125278$r2021-01-12 00:00:00$w2021-01-12$yBOO$OKoopman
=999  \\$d13127

