=LDR  01085aaa a2200217   4500
=001  13129
=008  211119s1983\\\\-ukaf|||\||||\00|\0\eng\d
=041  \\$aeng
=100  \\$aWard, John M.$d1917-2011$4aut$1http://www.wikidata.org/entity/Q17151633$915408
=245  \\$aSprightly & Cheerful Musick.$bNotes on the Cittern, Gittern and Guitar in 16th- and 17th-Century England
=260  \\$c1983$aUnited Kingdom$bThe Lute Society Journal
=300  \\$a234 pages
=490  \\$aThe Lute Society Journal$vVolume XXI 1979-81
=648  \0$a16th Century (1501-1600)$1http://www.wikidata.org/entity/Q7017$920944
=648  \0$a17th Century (1601-1700)$1http://www.wikidata.org/entity/Q7016$920923
=650  \0$aLute$1http://www.wikidata.org/entity/Q180733$93944
=650  \0$aGuitar$1http://www.wikidata.org/entity/Q6607$921152
=650  \0$aOrganology$1http://www.wikidata.org/entity/Q899293$921400
=942  \\$cBOO
=952  \\$00$10$2ddc$40$6INS_5_000000000000000_1A_GB$70$8INS$913111$aORPH$bORPH$cKTS0$d2020-07-08$eKoopman$i21C04$oINS5.1a GB$p20128193$r2021-01-12 00:00:00$w2021-01-12$yBOO
=999  \\$d13129

