=LDR  00929    a2200205   4500
=001  13131
=008  231117s1967\\\\-us\||||\||||\00|\0\eng\d
=041  \\$aeng
=100  \\$aWarner, Thomas E.$915410$4aut
=245  \\$aAn Annoted Bibliography of Woodwind Instruction Books, 1600-1830
=260  \\$c1967$aDetroit$bWarner
=300  \\$a138 pages
=648  \0$a17th Century (1601-1700)$1http://www.wikidata.org/entity/Q7016$920923
=648  \0$a19th Century (1801-1900)$1http://www.wikidata.org/entity/Q6955$920935
=648  \0$a18th Century (1701-1800)$1http://www.wikidata.org/entity/Q7015$920899
=650  \0$aMethod$1http://www.wikidata.org/entity/Q2250960$921402
=650  \0$aBibliography$1http://www.wikidata.org/entity/Q134995$93965
=942  \\$cBOO
=952  \\$00$10$2ddc$40$6INS_6D_WARN$70$8INS$913113$aORPH$bORPH$cKTS0$d2020-07-08$eKoopman$i20C27$l0$oINS6d WARN$p20128087$r2021-01-12 00:00:00$w2021-01-12$yBOO$OKoopman
=999  \\$d13131

