=LDR  00912    a2200193   4500
=001  13133
=008  221108s2016\\\\nl\f||||\||||\00|\0\dut\d
=041  \\$adut
=100  \\$aWassenaar, J. D. Th.$4aut$915412
=245  \\$aDe orgels in de Dorpskerk van Leeuwarden-Huizum
=260  \\$c2016$aElburg$bStichting tot behoud van het Nederlandse Orgel
=300  \\$a27 pages
=610  \0$aDorpskerk Leeuwarden-Huizum (Huizum, Netherlands)$1http://www.wikidata.org/entity/Q3231380$925297
=650  \0$aOrgan$1http://www.wikidata.org/entity/Q1444$92810
=650  \0$aOrganology$1http://www.wikidata.org/entity/Q899293$921400
=651  \0$aHuizum (Netherlands)$1http://www.wikidata.org/entity/Q2410343$925298
=942  \\$cBOO
=952  \\$00$10$2ddc$40$6INS_3_000000000000000_1E_NL_HUI$70$8INS$913115$aORPH$bORPH$cKTS0$d2020-07-08$eKoopman$i46E21$l0$oINS3.1e NL.HUI$p20126946$r2021-01-12 00:00:00$w2021-01-12$yBOO$OKoopman
=999  \\$d13133

