=LDR  01089cam a2200253 a 4500
=001  13135
=005  20250120120522.0
=008  970130s1993\\\\-uka\\\\\bdi\\001\0ceng\d
=041  \\$aeng
=042  \\$alccopycat
=100  \\$4aut$aLangwill, Lyndesay G.$912286
=245  14$aThe new Langwill index $ba dictionary of musical wind-instrument makers and inventors 
=250  \\$a1st ed.
=260  \\$aLondon $bT. Bingham$c1993
=300  \\$axxxvii-518 pages$bill. $c26 cm.
=500  \\$aRev. ed. of: Index of musical wind-instrument makers / Lyndesay G. Langwill. 6th ed., 1980.
=504  \\$aIncludes bibliographical references (p. 503-518) and indexes.
=650  \0$aInventor$1http://www.wikidata.org/entity/Q205375$922813
=650  \0$aWind instrument$1http://www.wikidata.org/entity/Q173453$94615
=650  \0$aBiography$1http://www.wikidata.org/entity/Q36279$91927
=700  \\$4trl$aWaterhouse, William$922812
=942  \\$cBOO
=952  \\$00$10$2ddc$40$6INS_6B$70$8INS$913117$aORPH$bORPH$cKTS0$d2020-07-08$eKoopman$i37B17$oINS6b$p20120592$r2021-01-12 00:00:00$w2021-01-12$yBOO
=999  \\$d13135

