=LDR  01197aam a2200253   4500
=001  13137
=008  230404m19911994|||a||||\||||\00|\0\eng\d
=020  \\$a9780521458276
=041  \\$aeng
=100  \\$aWatt, Tessa$915415
=245  \\$aCheap Print and Popular Piety 1550-1640
=260  \\$aCambridge$bCambridge University Press$c1991
=300  \\$a369 pages
=490  \\$aCambridge Studies in Early Modern British History
=648  \0$a16th Century (1501-1600)$1http://www.wikidata.org/entity/Q7017$920944
=648  \0$a17th Century (1601-1700)$1http://www.wikidata.org/entity/Q7016$920923
=650  \0$aPrinting$1http://www.wikidata.org/entity/Q11034$921936
=650  \0$aPublishing$1http://www.wikidata.org/entity/Q3972943$93049
=650  \0$aDevotion$1http://www.wikidata.org/entity/Q33111788$925087
=650  \0$aIllustration$1http://www.wikidata.org/entity/Q178659$921171
=651  \0$aUnited Kingdom$1http://www.wikidata.org/entity/Q21$1http://www.wikidata.org/entity/Q145$9273
=942  \\$cBOO
=952  \\$00$10$2ddc$40$6BIB_4_000000000000000_GB_4$70$8BIB$913119$aORPH$bORPH$cKTS0$d2020-07-08$eKoopman$i38A19$l0$oBIB4 GB 4$p20122431$r2021-01-12 00:00:00$w2021-01-12$yBOO$OKoopman
=999  \\$d13137

