=LDR  01113aam a2200229   4500
=001  13138
=008  220819s1978\\\\||||||||\c|||\00|\0\eng\d
=041  \\$aeng
=245  \\$aA Chronology of Music in the Florentine Theater 1590-1750
=260  \\$aDetroit, MI$bInformation Coordinators$c1978
=490  \\$aDetroit studies in music bibliography$v38
=648  \0$a16th Century (1501-1600)$1http://www.wikidata.org/entity/Q7017$920944
=648  \0$a17th Century (1601-1700)$1http://www.wikidata.org/entity/Q7016$920923
=648  \0$a18th Century (1701-1800)$1http://www.wikidata.org/entity/Q7015$920899
=650  \0$aTheater history$1http://www.wikidata.org/entity/Q1061140$94607
=650  \0$aOpera$1http://www.wikidata.org/entity/Q1344$92468
=651  \0$aFlorence (Italy)$1http://www.wikidata.org/entity/Q2044$9248
=700  \\$4aut$aWeaver, Robert Lamar$d1923-2017$915416
=700  \\$4aut$aWeaver, Norma Wright$924697
=942  \\$cBOO
=952  \\$00$10$2ddc$40$6TOP_IT_FLO$70$8TOP$913120$aORPH$bORPH$cKTS0$d2020-07-08$eKoopman$i20E11$l0$oTOP IT.FLO$p20125370$r2021-01-12 00:00:00$w2021-01-12$yBOO$OKoopman
=999  \\$d13138

