=LDR  01271pam a2200277 a 4500
=001  13139
=005  20250605144224.0
=008  941020s1995\\\\miuacg\\\b\\\\001\0deng\\
=020  \\$a0899900712
=040  \\$aOI
=100  1\$aWeaver, Robert Lee,$d1936-
=245  10$aWaelrant and Laet: Music Publishers in Antwerp's Golden Age
=260  \\$aWarren, Mich.$bHarmonie Park Press$c1995
=300  \\$axxiii - 421 pages$bill., ports., music$c27 cm.
=490  \\$aDetroit monographs in musicology/Studies in music$v15
=504  \\$aIncludes bibliographical references (p. [363]-392) and index.
=600  10$aWaelrant, Hubert,$d1516 or 1517-1595.
=600  10$aLaet, Jean,$dapproximately 1525-approximately 1567.
=648  \0$a16th Century (1501-1600)$1http://www.wikidata.org/entity/Q7017$920944
=650  \0$aMusic publishing
=650  \0$aMusic history$1http://www.wikidata.org/entity/Q846047$921373
=650  \0$aMusic printing$1http://www.wikidata.org/entity/Q64416036$94007
=651  \0$aAntwerp (Belgium)$1http://www.wikidata.org/entity/Q12892$920974
=942  \\$cBOO
=952  \\$00$10$2ddc$40$6BIB_4_000000000000000_BE_ANT$70$8BIB$913121$aORPH$bORPH$cKTS0$d2020-07-08$eKoopman$i31C08$l0$oBIB4 BE.ANT$p20123262$r2021-01-12 00:00:00$w2021-01-12$yBOO$OKoopman
=999  \\$d13139

