=LDR  00880cam a2200217 i 4500
=001  13141
=005  20250120120004.0
=008  800102s1978\\\\gw\\\\\\\\\\\\001\0\ger\\
=015  \\$aGFR78-A
=020  \\$a3795902487 :$cDM16.80
=040  \\$aOI
=100  \\$aWeber, Carl Maria von$d1786-1826$1http://www.wikidata.org/entity/Q154812$915418
=240  10$91151$aLiterary works.$kSelections
=245  10$aKunstansichten :$bausgew. Schriften /$cCarl Maria von Weber.
=260  \\$aWilhelmshaven :$bHeinrichshofen,$c1978.
=300  \\$a322 p. ;$c18 cm.
=942  \\$cBOO
=952  \\$00$10$2ddc$40$6BIO_WEBE1_A$70$8BIO$913123$aORPH$bORPH$cKTS1_P$d2020-07-08$eKoopman$i23B17$oBIO  WEBE1 a$p20128542$r2021-01-12 00:00:00$w2021-01-12$yBOO$OKoopman
=999  \\$c13141$d13141
=490  \\$aTaschenbücher zur Musikwissenschaft ;$v23
=650  \0$aMusic history$1http://www.wikidata.org/entity/Q846047$921373

