=LDR  00909cam a2200241   4500
=001  13143
=005  20250120120135.0
=008  730305s1972\\\\enk\\\\\\b\\\\000\0\eng\\
=015  \\$aB***
=020  \\$a0140430814
=040  \\$aOI
=100  \\$aWebster, John$d1578-1634$915420
=245  00$aThree plays:$bThe white devil, The Duchess of Malfi [and] The devil's law-case.$cIntrod. and notes by D. C. Gunby.
=260  \\$a[Harmondsworth, Eng.,$aBaltimore]$bPenguin Books$c[1972]
=300  \\$a458 p.$c19 cm.
=350  \\$a$2.95 (U.S.)
=490  0\$aPenguin English library
=504  \\$aBibliography: p. 29.
=650  \0$aTransposition$1http://www.wikidata.org/entity/Q815323$93154
=700  \\$aGunby, D. C.$915421
=942  \\$cBOO
=952  \\$00$10$2ddc$40$6LIT_WEBS_A$70$8LIT$913125$aORPH$bORPH$cKM12_2_H$d2020-07-08$eKoopman$i40A18$oLIT WEBS a$p20120343$r2021-01-12 00:00:00$w2021-01-12$yBOO
=999  \\$c13143$d13143

