=LDR  00353    a2200109   4500
=001  13144
=100  \\$aWebster, M.$915422
=245  \\$aJohann Zoffany
=260  \\$c1966
=942  \\$cBOO
=952  \\$00$10$2ddc$40$6BIO_ZOFF_A$70$8BIO$913126$aORPH$bORPH$cKTS1_P$d2020-07-08$eKoopman$i25F21$oBIO ZOFF a$p20129411$r2021-01-12 00:00:00$w2021-01-12$yBOO$OKoopman
=999  \\$c13144$d13144

