=LDR  00677    a2200157   4500
=001  13150
=008  210819s1969\\\\||||||||\||||\01|\0\ger\d
=100  \\$aVetter, Walther$d1891-1967$4dte$1http://www.wikidata.org/entity/Q2547492$915263
=245  \\$aMusa Mens Musici$bIm Gedenken an Walther Vetter
=260  \\$c1969$aLeipzig$bVEB Deutscher Verlag für Musik
=300  \\$a472 pages
=700  \\$4edt$aWegener, H.$915428
=710  \\$4edt$aHumboldt-Universität zu Berlin (Germany)$922075
=942  \\$cBOO
=952  \\$00$10$2ddc$40$6REF_4_000000000000000_VETT$70$8REF$913132$aORPH$bORPH$cKM12_1$d2020-07-08$eKoopman$i33B20$oREF4 VETT$p20122761$r2021-01-12 00:00:00$w2021-01-12$yBOO
=999  \\$d13150

