=LDR  01282pam a2200265 a 4500
=001  13151
=005  20250120120158.0
=008  930928s1994\\\\enkacgh\\b\\\\001\0beng\\
=020  \\$a0198163827 (acid-free paper) :$c£45.00
=040  \\$aOI
=100  \\$aWegman, Rob C.$915429
=245  10$aBorn for the muses :$bthe life and Masses of Jacob Obrecht /$cRob C. Wegman.
=260  \\$aOxford :$bClarendon Press,$c1994.
=300  \\$axxiv, 406 p. :$bill., ports., music, facsims. ;$c25 cm.
=504  \\$aIncludes bibliographical references (p. [385]-395) and indexes.
=600  \0$aObrecht, Jacob$d1457-1505$1http://www.wikidata.org/entity/Q311629$919471
=650  \0$aComposer$1http://www.wikidata.org/entity/Q36834$93625
=600  \0$aObrecht, Jacob$d1457-1505$1http://www.wikidata.org/entity/Q311629$919471
=650  \0$aMass$1http://www.wikidata.org/entity/Q217295$92735
=650  \0$aMass$1http://www.wikidata.org/entity/Q217295$92735
=856  \\$uhttp://www.loc.gov/catdir/enhancements/fy0638/93039022-d.html$3Publisher description
=942  \\$cBOO
=952  \\$00$10$2ddc$40$6BIO_OBRE_D$70$8BIO$913133$aORPH$bORPH$cKTS1_P$d2020-07-08$eKoopman$i24F16$oBIO OBRE d$p20125878$r2021-01-12 00:00:00$w2021-01-12$yBOO$OKoopman
=999  \\$c13151$d13151
=490  \\$aOxford monographs on music

