=LDR  00393    a2200121   4500
=001  13152
=020  \\$a9783716514276
=100  \\$aWegmann, P.$915432
=245  \\$aDie Kunst des Betrachtens
=260  \\$c2006
=942  \\$cBOO
=952  \\$00$10$2ddc$40$6VIS_WEGM$70$8VIS$913134$aORPH$bORPH$cKTS1_H$d2020-07-08$eKoopman$i31G17$l0$oVIS WEGM$p20121018$r2021-01-12 00:00:00$w2021-01-12$yBOO$OKoopman
=999  \\$c13152$d13152

