=LDR  01116aam a2200229   4500
=001  13157
=008  250331s1955\\\\||||||||\||||\00|\0bger\d
=041  \\$ager
=100  \\$aWeidemann, C.$915436$4aut
=245  \\$aLeben und Wirken des Johann Philipp Förtsch (1652-1732)
=260  \\$aKassel$aBasel$bBärenreiter$c1955
=490  \\$aSchriften des Landesinstituts für Musikforschung$v6
=600  \0$aFörtsch, Johann Philipp$d1652-1732$1http://www.wikidata.org/entity/Q878238$939996
=648  \0$a17th Century (1601-1700)$1http://www.wikidata.org/entity/Q7016$920923
=648  \0$a18th Century (1701-1800)$1http://www.wikidata.org/entity/Q7015$920899
=650  \0$aComposer$1http://www.wikidata.org/entity/Q36834$93625
=650  \0$aOpera$1http://www.wikidata.org/entity/Q1344 $92468
=650  \0$aBiography$1http://www.wikidata.org/entity/Q36279$91927
=651  \0$aGermany$1http://www.wikidata.org/entity/Q183$9155
=942  \\$cBOO
=952  \\$00$10$2ddc$40$6BIO_FÖRT_D$70$8BIO$913139$aORPH$bORPH$cKTS1_P$d2020-07-08$eKoopman$i32D38$l0$oBIO FÖRT d$p20123107$r2021-01-12 00:00:00$w2021-01-12$yBOO$OKoopman
=999  \\$d13157

