=LDR  01063cam a22002414a 4500
=001  13158
=005  20251019212024.0
=008  990520s1999\\\\enka\\\\\b\\\\001\0beng\\
=020  \\$a1859283888 (hb)
=040  \\$aOI
=100  \\$aWilliams, Hermine Weigel$913204
=245  10$aFrancesco Bartolomeo Conti :$bhis life and music /$cHermine Weigel Williams.
=260  \\$aAdershot [Hants] ;$aBrookfield [Vt.] USA :$bAshgate,$cc1999.
=300  \\$axiv, 281 p. :$bill. ;$c24 cm.
=504  \\$aIncludes bibliographical references (p. [255]-266) and indexes.
=600  \0$aConti, Francesco Bartolomeo$d1681/2-1732$915437
=650  \0$aMusic$92062
=942  \\$cBOO
=952  \\$00$10$2ddc$40$6BIO_CONT_D$70$8BIO$913140$aORPH$bORPH$cKTS1_P$d2020-07-08$eKoopman$i31C10$oBIO CONT d$p20123260$r2021-01-12 00:00:00$w2021-01-12$yBOO$OKoopman
=999  \\$c13158$d13158
=648  \0$a18th Century (1701-1800)$1http://www.wikidata.org/entity/Q7015$920899
=651  \0$aAustria$1http://www.wikidata.org/entity/Q40$9202
=650  \0$aMusic history$1http://www.wikidata.org/entity/Q846047$921373

