=LDR  00782nam a22001931i 4500
=001  13159
=008  910930s1964\\\\fr\||||||\\\\|||||\|||||c
=040  \\$bOI
=041  \7$afre
=100  \\$aWeigert, Roger Armand$4aut$915438
=245  13$aLa Tapisserie et le tapis en France
=260  \\$aParis$bPresses Universitaires de France$c1964
=300  \\$aVI,186 p. :$b38 tav. ;$c8 .
=650  \0$aTapestry$1http://www.wikidata.org/entity/Q184296$926233
=650  \0$aFine art$1http://www.wikidata.org/entity/Q219625$921579
=651  \0$aFrance$1http://www.wikidata.org/entity/Q142$9131
=942  \\$cBOO
=952  \\$00$10$2ddc$40$6VIS_WEIGTOP_FR$70$8VIS$913141$aORPH$bORPH$cKTS1_H$d2020-07-08$eKoopman$i21E38$l0$oVIS WEIG-->TOP FR$p20125446$r2021-01-12 00:00:00$w2021-01-12$yBOO$OKoopman
=999  \\$d13159

