=LDR  01069aam a2200241   4500
=001  13162
=005  20251003085459.0
=008  220124s1976\\\\fr\af|||\||||\00|\0\fre\d
=041  \\$afre
=245  \\$aAutomates et instruments de musique mécaniques
=260  \\$aBasel$bOffice du Livre$c1976
=300  \\$a246 pages
=650  \1$aAutomaton$1http://www.wikidata.org/entity/Q787116$923484
=650  \0$aMechanical device$1http://www.wikidata.org/entity/Q1882685$92247
=650  \0$aMechanical musical instrument$1http://www.wikidata.org/entity/Q8614972$926213
=650  \0$aClock$1http://www.wikidata.org/entity/Q376$92132
=650  \0$aOrganology$1http://www.wikidata.org/entity/Q899293$921400
=650  \0$aCatalogue$1http://www.wikidata.org/entity/Q2352616$921484
=700  \\$4aut$aWeiss-Stauffachter, Heinrich$915441
=700  \\$4aut$aBruhin, Rudolf$923555
=942  \\$cBOO
=952  \\$00$10$2ddc$40$6INS_10_000000000000000_9A_WEIS$70$8INS$913144$aORPH$bORPH$cKTS0$d2020-07-08$eKoopman$i25F29$oINS10.9a WEIS$p20129402$r2021-01-12 00:00:00$w2021-01-12$yBOO
=999  \\$d13162

