=LDR  00857cam a2200217 a 4500
=001  13163
=008  870420s1986\\\\ge\a\\\\\b\\\\001\0\ger\\
=020  \\$a3323000013
=041  \\$ager
=100  \\$aWeiss, Wisso$4aut$99321
=245  10$aHistorische Wasserzeichen
=250  \\$a1. Aufl.
=260  \\$aLeipzig $bBibliographisches Institut$c1986
=300  \\$a136 pages$bill. $c22 cm.
=504  \\$aIncludes bibliographical references and indexes.
=650  \0$aWatermark$1http://www.wikidata.org/entity/Q43065$92034
=650  \0$aPaper$1http://www.wikidata.org/entity/Q11472$924702
=650  \0$aPrinting$1http://www.wikidata.org/entity/Q11034$921936
=942  \\$cBOO
=952  \\$00$10$2ddc$40$6BIB_2_000000000000000_WEIS$70$8BIB$913145$aORPH$bORPH$cKTS0$d2020-07-08$eKoopman$i42A21$l0$oBIB2 WEIS$p20122132$r2021-01-12 00:00:00$w2021-01-12$yBOO$OKoopman
=999  \\$d13163

