=LDR  01336aam a2200241   4500
=001  13165
=008  220811s1914\\\\|||g||||\||||\00|\0dger\d
=041  \\$ager
=100  \\$aWellesz, Egon$d1885-1974$4aut$915443
=245  \\$aDie Ballett-Suiten von Johann Heinrich und Anton Andreas Schmelzer.$bEin Beitrag zur Geschichte der Musik am Österreichischen Hofe im 17. Jahrhundert
=260  \\$aVienna$bHölder$c1914
=490  \\$aSitzungsberichte der Kais. Akademie der Wissenschaften in Wien. Philosophisch-Historische Klasse$v176, 5. Abh.
=600  \0$aSchmelzer, Johann Heinrich$dc. 1623-1680$1http://www.wikidata.org/entity/Q701274$913890
=600  \0$aSchmelzer, Andreas Anton$d1653-1701$1http://www.wikidata.org/entity/Q495819$924640
=648  \0$a17th Century (1601-1700)$1http://www.wikidata.org/entity/Q7016$920923
=650  \0$aCourt$922191
=650  \0$aBallet$1http://www.wikidata.org/entity/Q41425$94412
=650  \0$aSuite$1http://www.wikidata.org/entity/Q203005$921718
=650  \0$aInstrumental music$1http://www.wikidata.org/entity/Q639197$92106
=651  \0$aVienna (Austria)$1http://www.wikidata.org/entity/Q1741$920937
=942  \\$cBOO
=952  \\$00$10$2ddc$40$6BIO_SCHM3_E$70$8BIO$913147$aORPH$bORPH$cKTS1_P$d2020-07-08$eKoopman$i25C15$l0$oBIO SCHM3 e$p20145741$r2021-01-12 00:00:00$w2021-01-12$yBOO$OKoopman
=999  \\$d13165

