=LDR  01361cam a22002657a 4500
=001  13166
=005  20251003085459.0
=008  130923s1983\\\\enkao\\\\bc\\l000\0\eng\d
=041  \\$aeng
=100  \\$aWells-Cole, Anthony$4aut$923595
=245  10$aHistoric Paper Hangings from Temple Newsam and Other English Houses
=260  \\$aLeeds$bLeeds City Art Galleries$c1983
=300  \\$a48 pages$billustrations (some color)$c30 cm
=490  1\$aTemple Newsam Country House Studies$v1
=500  \\$a"The publication of this booklet coincides with an exhibition of the same name, held at Temple Newsam from 30 November 1983 to 25 March 1984"--P. [2].
=504  \\$aIncludes bibliographical references (p. 7).
=590  \\$aExhibition Catalogue, Temple Newsam 30.11.1983-25.02.1984
=650  \0$aInterior design$1http://www.wikidata.org/entity/Q179232$921367
=650  \0$aApplied arts$1http://www.wikidata.org/entity/Q2865882$921627
=650  \0$aCatalogue$1http://www.wikidata.org/entity/Q2352616$1http://www.wikidata.org/entity/Q6941730$921484
=650  \0$aExhibition$1http://www.wikidata.org/entity/Q464980$925353
=651  \0$aUnited Kingdom$1http://www.wikidata.org/entity/Q21$9273
=942  \\$cBOO
=952  \\$00$10$2ddc$40$6TOP_GB$70$8TOP$913148$aORPH$bORPH$cKTS0$d2020-07-08$eKoopman$i21G35$oTOP GB$p20125580$r2021-01-12 00:00:00$w2021-01-12$yBOO
=999  \\$d13166

