=LDR  01227    a2200265   4500
=001  13167
=005  20251003085459.0
=008  211005s1984\\\\-ukfo|||\||||\00|\0\eng\d
=041  \\$aeng
=245  \\$aGuide to the Collection
=260  \\$c1984$aLondon$bThe Royal College of Music
=300  \\$a15 pages
=561  \\$aEx Libris Ton Koopman
=648  \0$a15th Century (1401-1500)$1http://www.wikidata.org/entity/Q7018$921015
=648  \0$a16th Century (1501-1600)$1http://www.wikidata.org/entity/Q7017$920944
=648  \0$a17th Century (1601-1700)$1http://www.wikidata.org/entity/Q7016$920923
=648  \0$a18th Century (1701-1800)$1http://www.wikidata.org/entity/Q7015$920899
=650  \0$aOrganology$1http://www.wikidata.org/entity/Q899293$921400
=650  \0$aCatalogue$1http://www.wikidata.org/entity/Q2352616$921484
=651  \0$aLondon (United Kingdom)$1http://www.wikidata.org/entity/Q84$9123
=700  \\$4aut$aWells, Elizabeth$915446
=710  \\$4edt$aRoyal College of Music (Kensington and Chelsea, United Kingdom)$922412
=942  \\$cBOO
=952  \\$00$10$2ddc$40$6INS_1B_GB_LON1$70$8INS$913149$aORPH$bORPH$cKTS0$d2020-07-08$eKoopman$i19D17$oINS1b GB.LON1$p20127856$r2021-01-12 00:00:00$w2021-01-12$yBOO
=999  \\$d13167

