=LDR  00733    a2200193   4500
=001  13171
=008  220128s1931\\\\nl\af|||\||||\00|\0\dut\d
=041  \\$adut
=100  \\$aPrick van Wely, Max A.$4aut$913371
=245  \\$aHet orgel en zijn meesters
=260  \\$c1931$aThe Hague$bJ. Philip Kruseman
=300  \\$a317 pages
=336  \\$aprinted
=505  \\$git contains a loose original journal article 
=650  \0$aOrgan$1http://www.wikidata.org/entity/Q1444$92810
=650  \0$aMusic history$1http://www.wikidata.org/entity/Q846047$921373
=942  \\$cBOO
=952  \\$00$10$2ddc$40$6INS_3_000000000000000_1A$70$8INS$913153$aORPH$bORPH$cKTS0$d2020-07-08$eKoopman$i31F12$oINS3.1a$p20123162$r2021-01-12 00:00:00$w2021-01-12$yBOO
=999  \\$d13171

