=LDR  01377aam a2200277   4500
=001  13173
=008  230207s1983\\\\|||g||||\m|||\00|\0dger\d
=041  \\$ager
=100  \\$aWendt, Matthias$d1951-$4aut$1http://www.wikidata.org/entity/Q95339386$921865
=245  \\$aDie Trios der Brüder Johann Gottlieb und Carl Heinrich Graun
=260  \\$aBonn$bRheinische Friedrich-Wilhelms-Universität$c1983
=300  \\$a341 pages
=500  \\$aDoctoral dissertation
=504  \\$aIncludes a bibliography
=600  \0$aGraun, Johann Gottlieb$d1702/03-1771$1http://www.wikidata.org/entity/Q502321$99277
=600  \0$aGraun, Carl Heinrich$d1704-1759$1http://www.wikidata.org/entity/Q161208$96249
=610  \0$aGraun family$922335
=648  \0$a18th Century (1701-1800)$1http://www.wikidata.org/entity/Q7015$920899
=650  \0$aInstrumental music$1http://www.wikidata.org/entity/Q639197$92106
=650  \0$aTrio$1http://www.wikidata.org/entity/Q281643$921327
=650  \0$aMusic history$1http://www.wikidata.org/entity/Q846047$921373
=650  \0$aMusical analysis$1http://www.wikidata.org/entity/Q1544924$92775
=651  \0$aBerlin (Germany)$1http://www.wikidata.org/entity/Q64$948
=942  \\$cBOO
=952  \\$00$10$2ddc$40$6BIO_GRAU0_E$70$8BIO$913155$aORPH$bORPH$cKTS1_P$d2020-07-08$eKoopman$i19B33$l0$oBIO GRAU0 e$p20125088$r2021-01-12 00:00:00$w2021-01-12$yBOO$OKoopman
=999  \\$d13173

