=LDR  01149    a2200253   4500
=001  13174
=005  20250926134857.0
=008  210707e1988\\\\\\\||ld|\||||\00|\0\ger\d
=040  \\$aMB
=041  \\$ager
=100  \\$aBach, Johann Sebastian$d1685-1750$4cmp$1http://www.wikidata.org/entity/Q1339$94766
=245  \\$aKritischer Bericht: Kantaten zum 15. Sonntag nach Trinitatis
=260  \\$c1988$aGermany$bVEB Deutscher Verlag für Musik Leipzig
=300  \\$a2 vols. (xi-109-[1]+104 pages)$bmusic
=336  \\$aprinted
=490  \\$aNeue Ausgabe Sãmtlicher Werke$vSerie I: Kantaten 22
=648  \0$a18th Century (1701-1800)$1http://www.wikidata.org/entity/Q7015$920899
=650  \0$aLute$1http://www.wikidata.org/entity/Q180733$93944
=650  \0$aCantata$1http://www.wikidata.org/entity/Q174873$921603
=651  \0$aGermany$1http://www.wikidata.org/entity/Q183$9155
=700  \\$4edt$aWendt, Matthias$d1951-$1http://www.wikidata.org/entity/Q95339386$921865
=942  \\$cSCO
=952  \\$00$10$2ddc$40$6SCO_BACH1$70$8SCO$913156$aORPH$bORPH$cKTS1_P$d2020-07-08$eKoopman$i29A01$l0$oSCO BACH1$p20123524$r2021-01-12 00:00:00$yTYPE_UNK
=999  \\$c13174$d13174

