=LDR  00835    a2200205   4500
=001  13179
=008  220412r17051932gw\|\|||\||||\00|\0\ger\d
=041  \\$ager
=100  \\$aWerckmeister, Andreas$d1645-1706$4aut$1http://www.wikidata.org/entity/Q61162$94936
=245  \\$aOrganum Gruningense redivivum
=250  \\$aNeudruck
=260  \\$c1932$aMainz$bRheingold-Verlag
=300  \\$a27 pages
=336  \\$aprinted
=650  \0$aOrgan$1http://www.wikidata.org/entity/Q1444$92810
=650  \0$aOrganology$1http://www.wikidata.org/entity/Q899293$921400
=651  \0$aGroningen (Netherlands)$1http://www.wikidata.org/entity/Q749$922634
=942  \\$cBOO
=952  \\$00$10$2ddc$40$6INS_3_000000000000000_1E_NL_GRO$70$8INS$913161$aORPH$bORPH$cKTS0$d2020-07-08$eKoopman$i21B26$oINS3.1e NL.GRO$p20128413$r2021-01-12 00:00:00$w2021-01-12$yBOO
=999  \\$d13179

