=LDR  00390    a2200121   4500
=001  13180
=020  \\$a3910019064
=100  \\$aWerner, E.$915454
=245  \\$aDas Händel-Haus in Halle
=260  \\$c1992
=942  \\$cBOO
=952  \\$00$10$2ddc$40$6BIO_HAND_E$70$8BIO$913162$aORPH$bORPH$cKTS1_P$d2020-07-08$eKoopman$i18D50$oBIO HAND e$p20125023$r2021-01-12 00:00:00$w2021-01-12$yBOO$OKoopman
=999  \\$c13180$d13180

