=LDR  01231cam a22002657a 4500
=001  13181
=005  20250120120346.0
=008  810616s1981\\\\sz\a\\\\\\\\\\000\0\ger\\
=020  \\$a3258030456
=040  \\$aOI
=100  \\$aWernli, Andreas$4aut$915455
=245  10$aStudien zum literarischen und musikalischen Werk Adriano Banchieris (1568-1634)
=260  \\$aBern$bHaupt$c1981
=300  \\$a325 pages$billustrations$c24 cm
=490  1\$aPublikationen der Schweizerischen Musikforschenden Gesellschaft, Serie II$v31
=600  \0$1http://www.wikidata.org/entity/Q347804$aBanchieri, Adriano$d1568-1634$95930
=648  \0$1http://www.wikidata.org/entity/Q7017$a16th Century (1501-1600)$920944
=648  \0$1http://www.wikidata.org/entity/Q7016$a17th Century (1601-1700)$920923
=650  \0$1http://www.wikidata.org/entity/Q36834$aComposer$93625
=650  \0$1http://www.wikidata.org/entity/Q36180$aWriter$93885
=650  \0$1http://www.wikidata.org/entity/Q36279$aBiography$91927
=651  \0$1http://www.wikidata.org/entity/Q38$aItaly$922
=942  \\$cBOO
=952  \\$00$10$2ddc$40$6BIO_BANC1_E$70$8BIO$913163$aORPH$bORPH$cKTS1_P$d2020-07-08$eKoopman$i22D28$oBIO BANC1 e$p20128450$r2021-01-12 00:00:00$w2021-01-12$yBOO
=999  \\$d13181

