=LDR  00845aam a2200205   4500
=001  13182
=005  20250920142850.0
=008  210624s2009\\\\\\\|||||\||||\00|\0\ger\d
=020  \\$a9783150201817
=041  \\$ager
=100  \\$aWersin, M.$4aut$915456
=245  \\$aHändel & Co.$bDie Musik der Barockzeit
=260  \\$aStuttgart$bReclam$c2009
=648  \0$a17th Century (1601-1700)$1http://www.wikidata.org/entity/Q7016$920923
=648  \0$a18th Century (1701-1800)$1http://www.wikidata.org/entity/Q7015$920899
=650  \0$aMusic history$1http://www.wikidata.org/entity/Q846047$921373
=650  \0$aBaroque$1http://www.wikidata.org/entity/Q37853$921255
=942  \\$cBOO
=952  \\$00$10$2ddc$40$6GHM_5_000000000000000$70$8GHM$913164$aORPH$bORPH$cKM12_1$d2020-07-08$eKoopman$i25A19$l0$oGHM 5$p20129151$r2021-01-12 00:00:00$w2021-01-12$yBOO
=999  \\$d13182

