=LDR  00364    a2200109   4500
=001  13184
=100  \\$aWesley, E.$915458
=245  \\$aSamuel Wesley's famous Bach lette
=260  \\$c1957
=942  \\$cBOO
=952  \\$00$10$2ddc$40$6BIO_BACH1_E$70$8BIO$913166$aORPH$bORPH$cKTS1_P$d2020-07-08$eKoopman$i33A22$oBIO BACH1 e$p20123037$r2021-01-12 00:00:00$w2021-01-12$yBOO
=999  \\$c13184$d13184

