=LDR  01194nam a2200253 c 4500
=001  13185
=005  20250927122531.0
=008  011214s2001\\\\xx\agl|\\||||\00|||\eng\d
=020  \\$a0198164238
=040  \\$aOI
=041  0\$aeng
=100  \\$aWesley, Samuel$d1766-1837$1http://www.wikidata.org/entity/Q1969627$4aut$95365
=245  10$aThe Letters of Samuel Wesley:$bProfessional and Social Correspondence, 1797-1837
=260  \\$aOxford$bOxford University Press$c2001
=300  \\$alxiii-516 pages$billustrations, music examples
=648  \0$a18th Century (1701-1800)$1http://www.wikidata.org/entity/Q7015$920899
=648  \0$a19th Century (1801-1900)$1http://www.wikidata.org/entity/Q6955$920935
=650  \0$aComposer$1http://www.wikidata.org/entity/Q36834$93625
=650  \0$aCorrespondence$1http://www.wikidata.org/entity/Q1784733$921392
=651  \0$aUnited Kingdom$1http://www.wikidata.org/entity/Q21$1http://www.wikidata.org/entity/Q145$9273
=700  \\$aOlleson, Philip$4edt$941398
=942  \\$cBOO
=952  \\$00$10$2ddc$40$6BIO_WESL1_A$70$8BIO$913167$aORPH$bORPH$cKTS1_P$d2020-07-08$eKoopman$i33F07$l0$oBIO WESL1 a$p20120910$r2021-01-12 00:00:00$w2021-01-12$yBOO$OKoopman
=999  \\$d13185

