=LDR  00365    a2200109   4500
=001  13186
=100  \\$aWessely-Kropik, Helene$915461
=245  \\$aLelio Colista
=260  \\$c1961
=942  \\$cBOO
=952  \\$00$10$2ddc$40$6BIO_COLI_D$70$8BIO$913168$aORPH$bORPH$cKTS1_P$d2020-07-08$eKoopman$i19B7$l0$oBIO COLI d$p20125113$r2021-01-12 00:00:00$w2021-01-12$yBOO$OKoopman
=999  \\$c13186$d13186

