=LDR  00689    a2200169   4500
=001  13187
=008  210624s1929\\\\\\\|||||\||||\00|\0\dut\d
=041  \\$adut
=100  \\$aWessem, C. van$4aut$915462
=245  \\$aHet musiceeren en concerteeren in den loop der tijden
=260  \\$aAmsterdam$bDe Spiegel$c1929
=490  \\$aCultuur-historische studiën
=650  \0$aConcert$1http://www.wikidata.org/entity/Q182832$921044
=650  \0$aMusic history$1http://www.wikidata.org/entity/Q846047$921373
=942  \\$cBOO
=952  \\$00$10$2ddc$40$6GHM_0_000000000000000$70$8GHM$913169$aORPH$bORPH$cKM12_1$d2020-07-08$eKoopman$i28D13$l0$oGHM 0$p20123596$r2021-01-12 00:00:00$w2021-01-12$yBOO
=999  \\$c13187$d13187

