=LDR  00980    a2200205   4500
=001  13188
=008  220613s1899\\\\-uk\||||\||||\00|\0\eng\d
=041  \\$aeng
=100  \\$aWest, John E.$4aut$915463
=245  \\$aCathedral Organists.$bPast and Present. A Record of the Succession of Organists of the Cathedrals, Chapels Royal, and Principal Collegiate churches of the United Kingdom
=260  \\$c1899$aLondon$aNew York$bNovello and Co.
=300  \\$a141 pages
=336  \\$aprinted
=648  \0$a18th Century (1701-1800)$1http://www.wikidata.org/entity/Q7015$920899
=648  \0$a19th Century (1801-1900)$1http://www.wikidata.org/entity/Q6955$920935
=650  \0$aOrganist$1http://www.wikidata.org/entity/Q765778$94471
=651  \0$aUnited Kingdom$1http://www.wikidata.org/entity/Q21$9273
=942  \\$cBOO
=952  \\$00$10$2ddc$40$6INS_3_000000000000000_1A_GB$70$8INS$913170$aORPH$bORPH$cKTS0$d2020-07-08$eKoopman$oINS3.1a GB$p20129033$r2021-01-12 00:00:00$w2021-01-12$yBOO
=999  \\$d13188

