=LDR  00772    a2200181   4500
=001  13189
=008  230307s1941\\\\sw\a||||\||||\00|\0\swe\d
=041  \\$aswe
=100  \\$aWestblad, Gösta$915464$4aut
=245  \\$aKyrkoorgeln. Handbok för organister och övriga orgelvänner
=260  \\$c1941$aStockholm$bOrgelboksförlaget
=300  \\$a237 pages
=650  \0$aOrgan$1http://www.wikidata.org/entity/Q1444$92810
=650  \0$aMethod$1http://www.wikidata.org/entity/Q2250960$921402
=651  \0$aStockholm (Sweden)$1http://www.wikidata.org/entity/Q1754$924507
=942  \\$cBOO
=952  \\$00$10$2ddc$40$6INS_3_000000000000000_1C_WEST$70$8INS$913171$aORPH$bORPH$cKTS0$d2020-07-08$eKoopman$i31C34$l0$oINS3.1c WEST$p20123236$r2021-01-12 00:00:00$w2021-01-12$yBOO$OKoopman
=999  \\$d13189

