=LDR  01506cam a22003134a 4500
=001  13190
=008  010522s2001\\\\couab\\\\b\\\\000\0\eng\\
=020  \\$a0914738461 (pbk : alk. paper)
=041  \\$aeng
=100  \\$aWestermann, Mariët$4edt$915465
=245  10$aArt & Home:$bDutch Interiors in the Age of Rembrandt
=246  3\$aArt and home
=260  \\$aDenver, CO$bDenver Art Museum$aNewark, NJ$bNewark Museum$aZwolle$bWaanders$c2001
=300  \\$a240 pages$billustrations (some color), map$c30 cm
=504  \\$aIncludes bibliographical references (p. 236-240).
=590  \\$aMariët Westermann ; with essays by C. Willemijn Fock, Eric Jan Sluijter, H. Perry Chapman.
=648  \0$a17th Century (1601-1700)$1http://www.wikidata.org/entity/Q7016$920923
=650  \0$aArchitecture$1http://www.wikidata.org/entity/Q12271$93185
=650  \0$aFine art$1http://www.wikidata.org/entity/Q219625$921579
=650  \0$aApplied arts$1http://www.wikidata.org/entity/Q2865882$921627
=651  \0$aNetherlands$1http://www.wikidata.org/entity/Q55$9173
=700  \\$aFock, Cornelia Willemijn$d-1942$4aut$915466
=700  \\$aSluijter, Eric Jan$d-1946$4aut$914091
=700  \\$aChapman, H. Perry$d1954-$4aut$915467
=710  \\$aNewark Museum (NJ, USA)$91795
=710  \\$aDenver Art Museum (CO, USA)$91767
=942  \\$cBOO
=952  \\$00$10$2ddc$40$6TOP_NL_5_000000000000000$70$8TOP$913172$aORPH$bORPH$cKTS0$d2020-07-08$eKoopman$i43C04$l0$oTOP NL 5$p20127205$r2021-01-12 00:00:00$w2021-01-12$yBOO
=999  \\$d13190

