=LDR  00874    a2200193   4500
=001  13191
=008  221104s1986\\\\nl\f||||\||||\00|\0\dut\d
=041  \\$adut
=100  \\$aWestra, Evert$4aut$915468
=245  \\$aHet Timpe-orgel in de Nieuwe- of Noorderkerk
=260  \\$c1986$aGroningen$bStichting Groningen Orgelland
=300  \\$a21 pages
=610  \0$aNieuwe Kerk (Groningen, Netherlands)$1http://www.wikidata.org/entity/Q2171982$925261
=650  \0$aOrgan$1http://www.wikidata.org/entity/Q1444$92810
=650  \0$aOrganology$1http://www.wikidata.org/entity/Q899293$921400
=651  \0$aGroningen (Netherlands)$1http://www.wikidata.org/entity/Q749$922634
=942  \\$cBOO
=952  \\$00$10$2ddc$40$6INS_3_000000000000000_1E_NL_GRO$70$8INS$913173$aORPH$bORPH$cKTS0$d2020-07-08$eKoopman$i24A23$l0$oINS3.1e NL.GRO$p20128705$r2021-01-12 00:00:00$w2021-01-12$yBOO$OKoopman
=999  \\$d13191

