=LDR  01175aam a2200217   4500
=001  13192
=008  250129s1972\\\\||||||||\||||\00|\0\dut\d
=041  \\$adut
=100  \\$aWestreenen, W. H. J. van$d1783-1848$1http://www.wikidata.org/entity/Q4015771$96913
=245  \\$aJournaal van W.H.J. Baron van Westreenen van zijn reizen naar Londen, Cambridge en Oxford in de jaren 1834 en 1835
=260  \\$aThe Hague$bRijksmuseum Meermanno-Westreenianum$bMuseum van het Boek$c1972
=648  \0$a19th Century (1801-1900)$1http://www.wikidata.org/entity/Q6955$920935
=650  \0$aTravel$1http://www.wikidata.org/entity/Q61509$94440
=650  \0$aDiary$1http://www.wikidata.org/entity/Q185598$921711
=651  \0$aLondon (United Kingdom)$1http://www.wikidata.org/entity/Q84$9123
=651  \0$aCambridge (United Kingdom)$1http://www.wikidata.org/entity/Q350$924595
=651  \0$aOxford (United Kingdom)$1http://www.wikidata.org/entity/Q34217$922237
=700  \\$aVelden, D. van$4edt$939606
=942  \\$cBOO
=952  \\$00$10$2ddc$40$6BIO_WEST_A$70$8BIO$913174$aORPH$bORPH$cKTS1_P$d2020-07-08$eKoopman$i36F11$l0$oBIO WEST a$p20120660$r2021-01-12 00:00:00$w2021-01-12$yBOO$OKoopman
=999  \\$d13192

