=LDR  01125cam a22002414a 4500
=001  13193
=005  20250120120917.0
=008  080214s2007\\\\ne\a\\\\\b\\\\001\0\dut\\
=020  \\$a9789065509802
=040  \\$aOI
=100  \\$aFrank-van Westrienen, Anna$915470
=245  14$aHet schoolschrift van Pieter Teding van Berkhout :$bvergezicht op het gymnasiaal onderwijs in de zeventiende-eeuwse Nederlanden /$cdoor A. Frank-van Westrienen.
=260  \\$aHilversum :$bVerloren,$c2007.
=300  \\$a288 p. :$bill. ;$c24 cm.
=504  \\$aIncludes bibliographical references (p. 259-283) and index.
=650  \0$aEducation$926206
=650  \0$aClassical education$1http://www.wikidata.org/entity/Q5128321$94599
=600  \0$aTeding van Berkhout, Pieter,$d1643-1713.$915471
=942  \\$cBOO
=952  \\$00$10$2ddc$40$6BIO_TEDI_E$70$8BIO$913175$aORPH$bORPH$cKTS1_P$d2020-07-08$eKoopman$i30D04$l0$oBIO TEDI e$p20121205$r2021-01-12 00:00:00$w2021-01-12$yBOO$OKoopman
=999  \\$c13193$d13193
=651  \0$aNetherlands$1http://www.wikidata.org/entity/Q55$9173
=648  \0$a17th Century (1601-1700)$1http://www.wikidata.org/entity/Q7016$920923

