=LDR  01118aam a2200241   4500
=001  13194
=005  20251003091839.0
=008  250423s2000\\\\|||oa|||\||||\00|\0\ger\d
=041  \\$ager
=100  \\$aWetekam, Burckhard$915472$4aut
=245  \\$aDer Knabenchor Hannover
=260  \\$c2000$aHannover$bVerlag der Buchdruckwerkstätten Hannover
=300  \\$a137 pages
=610  \0$aKnabenchor Hannover (Germany)$1http://www.wikidata.org/entity/Q662009$940079
=648  \0$1http://www.wikidata.org/entity/Q6927$a20th Century (1901-2000)$920936
=650  \0$1http://www.wikidata.org/entity/Q131186$93338$aChoir
=650  \0$aBoys' Choir$1http://www.wikidata.org/entity/Q1776834$940080
=650  \0$aMusic history$1http://www.wikidata.org/entity/Q846047$921373
=650  \0$aSinging$1http://www.wikidata.org/entity/Q27939$92767
=651  \0$aHannover (Germany)$1http://www.wikidata.org/entity/Q1715$923171
=942  \\$cBOO
=952  \\$00$10$2ddc$40$6TOP_DE_HAN_7_000000000000000$70$8TOP$913176$aORPH$bORPH$cKTS0$d2020-07-08$eKoopman$i22A19$l0$oTOP DE.HAN 7$p20125614$r2021-01-12 00:00:00$w2021-01-12$yBOO$OKoopman
=999  \\$d13194

