=LDR  01324cam a22002774a 4500
=001  13195
=005  20250120120205.0
=008  031008n2002\\\\sw\b\\\\\b\\\\001\0bswe\\
=020  \\$a9174866028 (v. 1)
=020  \\$a9174866036 (v. 2)
=040  \\$aOI
=041  \\$aswe
=100  \\$aWetterberg, Gunnar$4aut$915473
=245  10$aKanslern:$bAxel Oxenstierna i sin tid
=260  \\$aStockholm$bAtlantis$c2002
=300  \\$a2 vols. :$bcol. maps ;$c23 cm.
=504  \\$aIncludes bibliographical references (p. [1033]-[1045], v. 2) and index.
=600  \0$aOxenstierna, Axel$d1583-1654$cgreve,$1http://www.wikidata.org/entity/Q155127$915474
=648  \0$a17th Century (1601-1700)$1http://www.wikidata.org/entity/Q7016$920923
=650  \0$aTierce coulée$1http://www.wikidata.org/entity/Q6146604$92150
=650  \0$aMilitary history$1http://www.wikidata.org/entity/Q192781$93874
=651  \0$aSweden$1http://www.wikidata.org/entity/Q34$9275
=942  \\$cBOO
=952  \\$00$10$2ddc$40$6BIO_OXEN_D$70$8BIO$913177$aORPH$bORPH$cKTS1_P$d2020-07-08$eKoopman$i47C42-I$l0$oBIO OXEN d$p20123713$r2021-01-12 00:00:00$w2021-01-12$yBOO$OKoopman
=952  \\$00$10$2ddc$40$6BIO_OXEN_D$70$8BIO$913178$aORPH$bORPH$cKTS1_P$d2020-07-08$eKoopman$i47C42-II$l0$oBIO OXEN d$p20123712$r2021-01-12 00:00:00$w2021-01-12$yBOO$OKoopman
=999  \\$c13195$d13195

