=LDR  01439cam a2200289 a 4500
=001  13197
=008  230329s1989\\\\gw\\||||\||||\00|\0\mul\d
=040  \\$aOI
=041  0\$aeng$dger
=100  \\$aWettstein, Hermann$4aut$915475
=245  14$aDie Orgelbauerfamilie Silbermann.$bBibliographie zu ihrem Leben und Werk
=260  \\$aBuren$bFrits Knuf$c1989
=300  \\$a139 pages$c21 cm
=490  \\$aBibliotheca organologica$v81
=590  \\$aHermann Wettstein ; mit einem Beitrag zur Gottfried-Silbermann-Forschung von Werner Müller
=600  \0$aSilbermann, Andreas$d1678-1734$1http://www.wikidata.org/entity/Q67925$915476
=600  \0$aSilbermann, Gottfried$d1683-1753$1http://www.wikidata.org/entity/Q61720$914779
=600  \0$aSilbermann, Johann Andreas$d1712-1783$1http://www.wikidata.org/entity/Q321618$96380
=610  \0$aSilbermann family$1http://www.wikidata.org/entity/Q37530187$922521
=648  \0$a18th Century (1701-1800)$1http://www.wikidata.org/entity/Q7015$920899
=650  \0$aOrgan$1http://www.wikidata.org/entity/Q1444$92810
=650  \0$aBiography$1http://www.wikidata.org/entity/Q36279$91927
=651  \0$aGermany$1http://www.wikidata.org/entity/Q183$9155
=700  \\$aMüller, Werner$d-1924$4ctb$915479
=942  \\$cBOO
=952  \\$00$10$2ddc$40$6INS_3_000000000000000_1B_SILB$70$8INS$913179$aORPH$bORPH$cKTS0$d2020-07-08$eKoopman$i22D43$oINS3.1b SILB$p20128435$r2021-01-12 00:00:00$w2021-01-12$yBOO
=999  \\$d13197

