=LDR  01688cam a2200301 a 4500
=001  13198
=005  20250120120243.0
=008  850128r19841733ne\a\\\\\b\\\\001\0bdut\\
=020  \\$a9070591103 (set) :$cfl 35.50
=040  \\$aOI
=100  \\$aWeyerman, Jacob Campo$d1677-1747$1http://www.wikidata.org/entity/Q2929721$97538
=240  10$91156$aLevens bijzonderheden van Johan Hendrik, Baron van Syberg, Heer van Ermelinghoven en Bonckersbek, etc.
=245  13$aDe leevens byzonderheden van Johan Hendrik, Baron van Syberg, Heer van Ermelinghoven en Bonckersbek, &c. /$cdoor Jacob Campo Weyerman ; uitgegeven en ingeleid door een werkgroep Amsterdamse Neerlandici onder leiding van André Hanou en Hanna Stouten.
=260  \\$aDeventer :$bSub Rosa,$cc1984.
=300  \\$a2 v. :$bill. ;$c24 cm.
=490  \\$aDeventer drukken ;$v1
=504  \\$aIncludes bibliographical references and index.
=600  \0$aSyberg, Johan Hendrik van$d-1696$915480
=650  \0$aHermeticism$1http://www.wikidata.org/entity/Q192933$94602
=650  \0$aHermeticism$1http://www.wikidata.org/entity/Q192933$94602
=651  \0$aNetherlands$1http://www.wikidata.org/entity/Q55$9173
=700  \\$aHanou, André$911387
=700  \\$aStouten, Hanna$915481
=942  \\$cBOO
=952  \\$00$10$2ddc$40$6BIO_SYBE_D$70$8BIO$913180$aORPH$bORPH$cKTS1_P$d2020-07-08$eKoopman$i23F54-a$l0$oBIO SYBE d$p20128653$r2021-01-12 00:00:00$w2021-01-12$yBOO$OKoopman
=952  \\$00$10$2ddc$40$6BIO_SYBE_D$70$8BIO$913181$aORPH$bORPH$cKTS1_P$d2020-07-08$eKoopman$i23F54-b$l0$oBIO SYBE d$p20128652$r2021-01-12 00:00:00$w2021-01-12$yBOO$OKoopman
=999  \\$c13198$d13198
=650  \0$aBiography$1http://www.wikidata.org/entity/Q36279$91927

