=LDR  01105cam a2200253 a 4500
=001  13201
=005  20250120120011.0
=008  961101s1997\\\\enkag\\\\bk\\\001\0\eng\\
=020  \\$a0521453771 (hardcover)
=020  \\$a0521459796 (pbk.)
=040  \\$aOI
=100  \\$aWhenham, John$915483
=245  10$aMonteverdi, Vespers (1610) /$cJohn Whenham.
=260  \\$aCambridge ;$aNew York :$bCambridge University Press,$c1997.
=300  \\$aviii, 140 p. :$bill., music ;$c23 cm.
=504  \\$aDiscography: p. 134-136.
=504  \\$aIncludes bibliographical references (p. 130-133) and index.
=600  \0$aMonteverdi, Claudio$d1567-1643$1http://www.wikidata.org/entity/Q53068$910794
=856  \\$uhttp://www.loc.gov/catdir/description/cam028/96047886.html$3Publisher description
=856  \\$uhttp://www.loc.gov/catdir/toc/cam024/96047886.html$3Table of contents
=942  \\$cBOO
=952  \\$00$10$2ddc$40$6BIO_MONT2_E$70$8BIO$913183$aORPH$bORPH$cKTS1_P$d2020-07-08$eKoopman$i38C21$oBIO MONT2 e$p20120427$r2021-01-12 00:00:00$w2021-01-12$yBOO$OKoopman
=999  \\$c13201$d13201
=490  \\$aCambridge music handbooks

