=LDR  01263pam a2200277 a 4500
=001  13203
=005  20251003085459.0
=008  841128s1985\\\\nyuch\\\\b\\\\000\0\eng\\
=020  \\$a0918728436 :$c$65.00
=040  \\$aOI
=041  \\$aeng
=100  \\$aWhite, Chappell$4aut$915486
=245  10$aGiovanni Battista Viotti (1755-1824):$bA Thematic Catalogue of His Works
=260  \\$aNew York$bPendragon Press$c1985
=300  \\$axix-175 pages$bportraits, facsimiles$c26 cm
=490  1\$aThematic Catalogue Series$v12
=600  \0$aViotti, Giovanni Battista$d1755-1824$1http://www.wikidata.org/entity/Q313188$912430
=648  \0$a18th Century (1701-1800)$1http://www.wikidata.org/entity/Q7015$920899
=648  \0$a19th Century (1801-1900)$1http://www.wikidata.org/entity/Q6955$920935
=650  \0$aInstrumental music$1http://www.wikidata.org/entity/Q639197$92106
=650  \0$aViolin$1http://www.wikidata.org/entity/Q8355$92783
=650  \0$aCatalogue$1http://www.wikidata.org/entity/Q2352616$921484
=651  \0$aFrance$1http://www.wikidata.org/entity/Q142$9131
=942  \\$cBOO
=952  \\$00$10$2ddc$40$6BIO_VIOT_C$70$8BIO$913185$aORPH$bORPH$cKTS1_P$d2020-07-08$eKoopman$i32F39$oBIO VIOT c$p20123062$r2021-01-12 00:00:00$w2021-01-12$yBOO$OKoopman
=999  \\$d13203

