=LDR  01296cam a22002897i 4500
=001  13204
=005  20250121142130.0
=008  140313s2012\\\\it\ah\\\\b\\\\001\0bita\d
=020  \\$a9788822262219
=020  \\$a8822262212
=040  \\$aOI
=041  0\$aita$aeng
=100  \\$aWhite, Micky$4edt$915488
=245  10$aAntonio Vivaldi, A Life in Documents
=264  \1$aFlorence$bOlschki$c2013
=300  \\$aviii-316 pages$billustrations, facsimiles$c24 cm$eCD-ROM
=490  1\$aStudi di musica veneta. Quaderni vivaldiani$v17
=504  \\$aIncludes bibliographical references (page 279-281) and indexes.
=546  \\$aDocuments in Italian; introduction and interspersed commentary in English.
=600  \0$aVivaldi, Antonio$d1678-1741$1http://www.wikidata.org/entity/Q1340$911980
=648  \0$a17th Century (1601-1700)$1http://www.wikidata.org/entity/Q7016$920923
=648  \0$a18th Century (1701-1800)$1http://www.wikidata.org/entity/Q7015$920899
=650  \0$aComposer$1http://www.wikidata.org/entity/Q36834$93625
=651  \0$aItaly$1http://www.wikidata.org/entity/Q38$922
=942  \\$cBOO
=952  \\$00$10$2ddc$40$6BIO_VIVA_B$70$8BIO$913186$aORPH$bORPH$cKTS1_P$d2020-07-08$eKoopman$i45C13$l1$oBIO VIVA b$p20127351$r2022-09-29 00:00:00$s2022-08-30$w2021-01-12$xCD included$yBOO
=999  \\$d13204

