=LDR  00394    a2200109   4500
=001  13209
=100  \\$aWhythorne, Thomas$d1528-1595/6$915492
=245  \\$aThe Autobiography of Thomas Whyth
=260  \\$c1962
=942  \\$cBOO
=952  \\$00$10$2ddc$40$6BIO_WHYT_A$70$8BIO$913191$aORPH$bORPH$cKTS1_P$d2020-07-08$eKoopman$i23B24$l0$oBIO WHYT a$p20128538$r2021-01-12 00:00:00$w2021-01-12$yBOO$OKoopman
=999  \\$c13209$d13209

