=LDR  01063cam a2200229 a 4500
=001  13211
=008  850919s1984\\\\gw\\\\\\\b\\\\001\0\ger\\
=020  \\$a3761807511
=041  \\$ager
=100  \\$aWickel, Hans Hermann$4aut$915494
=245  10$aAuswärtige Orgelbauer in Westfalen 
=260  \\$aKassel $bBärenreiter$c1984
=300  \\$avii-273 pages$c27 cm
=490  \\$aVeröffentlichungen der Orgelwissenschaftlichen Forschungsstelle im Musikwissenschaftlichen Seminar der Westfälischen Wilhelms-Universität Münster ;$vNr. 13
=504  \\$aBibliography: p. 236-253.
=650  \0$aOrgan$1http://www.wikidata.org/entity/Q1444$92810
=650  \0$aOrganology$1http://www.wikidata.org/entity/Q899293$921400
=651  \0$aGermany$1http://www.wikidata.org/entity/Q183$9155
=651  \0$aWestphalia (Germany)$1http://www.wikidata.org/entity/Q8614$923235
=942  \\$cBOO
=952  \\$00$10$2ddc$40$6INS_3_100000000000000_B_DE_WES$70$8INS$913193$aORPH$bORPH$cKTS0$d2020-07-08$eKoopman$i24D04$oINS 3.1 b DE.WES$p20129140$r2021-01-12 00:00:00$w2021-01-12$yBOO
=999  \\$d13211

