=LDR  01002aam a2200229   4500
=001  13212
=008  230329s1987\\\\-ukaf|||\||||\00|\0\eng\d
=020  \\$a0333427203
=041  \\$aeng
=100  \\$aWickens, David C.$915495$4aut
=245  \\$aThe Instruments of Samuel Green
=260  \\$c1987$aLondon$bMacMillan Press
=300  \\$a209 pages
=600  10$aGreen, Samuel$d1740-1796$925948
=600  \0$aHandel, George Frideric$d1685-1759$1http://www.wikidata.org/entity/Q7302$94765
=648  \0$a18th Century (1701-1800)$1http://www.wikidata.org/entity/Q7015$920899
=650  \0$aOrgan$1http://www.wikidata.org/entity/Q1444$92810
=650  \0$aOrganology$1http://www.wikidata.org/entity/Q899293$921400
=651  \0$aOxford (United Kingdom)$1http://www.wikidata.org/entity/Q34217$922237
=942  \\$cBOO
=952  \\$00$10$2ddc$40$6INS_3_000000000000000_1B_GREE$70$8INS$913194$aORPH$bORPH$cKTS0$d2020-07-08$eKoopman$i24C08$l0$oINS3.1b GREE$p20129057$r2021-01-12 00:00:00$w2021-01-12$yBOO$OKoopman
=999  \\$d13212

