=LDR  00365    a2200109   4500
=001  13213
=100  \\$aWicker, V.E.$915496
=245  \\$aSolo Cantatas for bass
=260  \\$c1979
=942  \\$cBOO
=952  \\$00$10$2ddc$40$6BIO_GRAU_E$70$8BIO$913195$aORPH$bORPH$cKTS1_P$d2020-07-08$eKoopman$i23C30$l0$oBIO GRAU e$p20128561$r2021-01-12 00:00:00$w2021-01-12$yBOO$OKoopman
=999  \\$c13213$d13213

