=LDR  00748cam a2200205 a 4500
=001  13214
=005  20250120120245.0
=008  841130s1985\\\\enkaf\\\\b\\\\001\0\eng\\
=020  \\$a0521306515
=040  \\$aOI
=041  \\$aeng
=100  \\$aWickham, Glynne$4aut$915497
=245  12$aA History of the Theatre
=260  \\$aCambridge$bCambridge University Press$c1985
=300  \\$a264 p., 16 p. of plates :$bill. (some col.) ;$c25 cm.
=504  \\$aBibliography: p. [251]-254.
=650  \0$aTheater history$1http://www.wikidata.org/entity/Q1061140$94607
=942  \\$cBOO
=952  \\$00$10$2ddc$40$6LIT_WICK_B$70$8LIT$913196$aORPH$bORPH$cKM12_2_H$d2020-07-08$eKoopman$i18A21$l0$oLIT WICK b$p20127023$r2021-01-12 00:00:00$w2021-01-12$yBOO
=999  \\$c13214$d13214

