=LDR  01099aam a2200217   4500
=001  13215
=008  250626s1964\\\\||||||||\||||\00|\0bger\d
=041  \\$ager
=100  \\$aWiecher, K. H.$915498$4aut
=245  \\$aPhilipp Heinrich Erlebach 1657-1714:$bzur 250. Wiederkehr seines Todestages am 17. April 1964
=260  \\$aAurich$bOstfriesische Landschaft$c1964
=490  \\$aAbhandlungen und Vorträge zur Geschichte Ostfrieslands$vXXXIX
=600  \0$aErlebach, Philipp Heinrich$d1657-1714$1http://www.wikidata.org/entity/Q485866$910769
=648  \0$a17th Century (1601-1700)$1http://www.wikidata.org/entity/Q7016$920923
=648  \0$a18th Century (1701-1800)$1http://www.wikidata.org/entity/Q7015$920899
=650  \0$aComposer$1http://www.wikidata.org/entity/Q36834$93625
=650  \0$aBiography$1http://www.wikidata.org/entity/Q36279$91927
=651  \0$aGermany$1http://www.wikidata.org/entity/Q183$9155
=942  \\$cBOO
=952  \\$00$10$2ddc$40$6BIO_ERLE_D$70$8BIO$913197$aORPH$bORPH$cKTS1_P$d2020-07-08$eKoopman$i21F57$oBIO ERLE d$p20125519$r2021-01-12 00:00:00$w2021-01-12$yBOO$OKoopman
=999  \\$d13215

