=LDR  00821    a2200181   4500
=001  13217
=008  220225s1900\\\\||||||||\||||\00|\0\dut\d
=041  \\$adut
=100  \\$aWieder, F. C.$4aut$915500
=245  \\$aDe schriftuurlijke liedekens:$bde liederen der Nederlandsche Hervormden tot op het jaar 1566
=260  \\$aThe Hague$bNijhoff$c1900
=648  \0$a16th Century (1501-1600)$1http://www.wikidata.org/entity/Q7017$920944
=650  \0$aSong$1http://www.wikidata.org/entity/Q7366$94164
=650  \0$aProtestantism$1http://www.wikidata.org/entity/Q23540$921012
=651  \0$aNetherlands$1http://www.wikidata.org/entity/Q55$9173
=942  \\$cBOO
=952  \\$00$10$2ddc$40$6TOP_NL_4_000000000000000$70$8TOP$913199$aORPH$bORPH$cKTS0$d2020-07-08$eKoopman$i42A09$oTOP NL 4$p20122144$r2021-01-12 00:00:00$w2021-01-12$yBOO
=999  \\$d13217

