=LDR  00858cam a2200205 i 4500
=001  13221
=005  20250926134857.0
=008  780216s1977\\\\gw\agh\\\b\\\\000\0dger\\
=015  \\$aGFR77-A
=020  \\$a3765101389 :$cDM18.00
=040  \\$aOI
=100  \\$aWiemer, Wolfgang$915505
=245  14$aDie wiederhergestellte Ordnung in Johann Sebastian Bachs Kunst der Fuge :$bUnters. am Orig.-Dr. /$cWolfgang Wiemer.
=260  \\$aWiesbaden :$bBreitkopf & Härtel$c1977.
=300  \\$a83 p. :$bill., music, facsims. ;$c22 cm.
=504  \\$aIncludes bibliographical references.
=600  \0$aBach, Johann Sebastian$d1685-1750$1http://www.wikidata.org/entity/Q1339$94766
=942  \\$cBOO
=952  \\$00$10$40$6BIO_BACH1_E$70$8BIO$913203$aORPH$bORPH$cKTS1_P$d2020-07-08$eKoopman$i45D11$oBIO BACH1 e$p20127319$r2021-01-12 00:00:00$w2021-01-12$yBOO$OKoopman
=999  \\$c13221$d13221

