=LDR  02035cam a2200349 i 4500
=001  13222
=005  20250926134857.0
=008  180112s2018\\\\gw\ag\\\\b\\\\000\0\ger\d
=010  \\$a  2017457901
=016  7\$a113157804X$2GyFmDB
=020  \\$a9783412509118$q(hd.bd.)
=020  \\$a3412509116$q(hd.bd.)
=024  3\$a9783412509118
=035  \\$a(OCoLC)on1017081040
=035  \\$a(OCoLC)1017081040
=040  \\$aOHX$beng$erda$cOHX$dHMU$dINU$dIXA$dOCLCF$dSTF$dDLC
=042  \\$alccopycat
=072  \7$aML$2lcco
=100  \\$aWiemer, Wolfgang$4aut$915505
=245  14$aDie Kunst der Fuge :$bBachs Credo /$cWolfgang Wiemer.
=264  \1$aKöln :$bBöhlau Verlag,$c2018.
=300  \\$a151 pages :$billustrations (some color), music ;$c22 cm.
=336  \\$atext$btxt$2rdacontent
=337  \\$aunmediated$bn$2rdamedia
=338  \\$avolume$bnc$2rdacarrier
=504  \\$aIncludes bibliographical references.
=505  00$gVorbemerkung --$gEinführung --$tZum d-a-f-d --$tZumb-a-c-h --$tZur Davidssohnschaft --$tContrapunctus 1-7 (König David) --$tZu Contrapunctus 8 und 11 --$tContrapunctus 8 "et incarnatus est" --$tZu Contrapunctus 9 und 10 --$tContrapunctus 9 "Von der Taufe" --$tContrapunctus 10 "Von der Busse" --$tContrapunctus 11 "crucifixus etiam pro nobis" --$tContrapunctus 12 "et sepultus est" --$tContrapunctus 13 "et resurrexit" --$tDie Kanons --$tContrapunctus 14 "et iterum venturus est" : (Die Offenbarung des Johannes) --$tDas dritte Thema von Contrapunctus 14 --$tDas zweite Thema von Contrapunctus 14 --$tDas erste Thema von Contrapunctus 14 --$gNachlese und Ausblick --$gZugabe --$gAbbildungen --$gAbbildungsnachweis.
=600  \0$aBach, Johann Sebastian$d1685-1750$1http://www.wikidata.org/entity/Q1339$94766
=650  00$0(OCoLC)fst01357487$aKunst der Fuge$1http://www.wikidata.org/entity/Q465878$923640
=942  \\$cBOO
=952  \\$00$10$40$6BIO_BACH1_E$70$8BIO$913204$aORPH$bORPH$cKTS1_P$d2020-07-08$eKoopman$i47D30$oBIO BACH1 e$p20123685$r2021-01-12 00:00:00$w2021-01-12$yBOO$OKoopman
=999  \\$c13222$d13222

