=LDR  00855cam a2200205 a 4500
=001  13223
=005  20250120120005.0
=008  820618s1983\\\\nyua\\\\\bc\\\000\0\eng\\
=020  \\$a0918728231 :$c$36.00
=040  \\$aOI
=100  \\$aWienandt, Elwyn A.$915506
=245  10$aJohann Pezel, 1639-1694 :$ba thematic catalogue of his instrumental works /$cby Elwyn A. Wienandt.
=260  \\$aNew York, NY :$bPendragon Press,$cc1983.
=300  \\$axxxiii, 102 p. :$bill. ;$c24 cm.
=504  \\$aIncludes bibliographical references.
=600  \0$aPezel, Johann$d1639-1694$1http://www.wikidata.org/entity/Q77220$915507
=942  \\$cBOO
=952  \\$00$10$2ddc$40$6BIO_PEZE_C$70$8BIO$913205$aORPH$bORPH$cKTS1_P$d2020-07-08$eKoopman$i23E33$l0$oBIO PEZE c$p20128933$r2021-01-12 00:00:00$w2021-01-12$yBOO$OKoopman
=999  \\$c13223$d13223
=490  \\$aThematic catalogues ;$vno. 9

