=LDR  01217nam a2200253 a 4500
=001  13224
=008  850703s1981\\\\gw\g\\\\\b\\\\001\0\ger\\
=041  \\$ager
=100  \\$aWierichs, Alfred.$915508
=245  14$aDie Sonate für obligates Tasteninstrument und Violine bis zum Beginn der Hochklassik in Deutschland
=260  \\$aKassel$bBärenreiter$c1981
=300  \\$aiii-220-xxi pages
=504  \\$aBibliography: p. i-xxi.
=648  \0$a18th Century (1701-1800)$1http://www.wikidata.org/entity/Q7015$920899
=650  \0$aChamber music$1http://www.wikidata.org/entity/Q189201$92105
=650  \0$aMusic history$1http://www.wikidata.org/entity/Q846047$921373
=650  \0$aSonata$1http://www.wikidata.org/entity/Q131269$921653
=650  \0$aViolin$1http://www.wikidata.org/entity/Q8355$92783
=650  \0$aKeyboard music$1http://www.wikidata.org/entity/Q105715630$921412
=650  \0$aObbligato$1http://www.wikidata.org/entity/Q2012827$926772
=651  \0$aGermany$1http://www.wikidata.org/entity/Q183$9155
=942  \\$cBOO
=952  \\$00$10$2ddc$40$6TOP_DE_5_000000000000000$70$8TOP$913206$aORPH$bORPH$cKTS0$d2020-07-08$eKoopman$i20F25$l0$oTOP DE 5$p20128125$r2021-01-12 00:00:00$w2021-01-12$yBOO$OKoopman
=999  \\$d13224

