=LDR  00373    a2200109   4500
=001  13226
=100  \\$aWiersema, E.M.$915510
=245  \\$aBeelden van de dood in de muziek
=260  \\$c2016
=942  \\$cBOO
=952  \\$00$10$2ddc$40$6VIS_WIER$70$8VIS$913208$aORPH$bORPH$cKTS1_H$d2020-07-08$eKoopman$i46G13$l0$oVIS WIER$p20127004$r2021-01-12 00:00:00$w2021-01-12$yBOO$OKoopman
=999  \\$c13226$d13226

