=LDR  01518aam a2200289   4500
=001  13227
=005  20251003085459.0
=008  230830s2007\\\\||||||||\||||\00|\0bger\d
=020  \\$a9783981190205
=041  \\$ager
=245  \\$aDieterich Buxtehude (um 1637-1707):$b'ein weitberühmter Musicus und Organiste'
=260  \\$c2007$aLeipzig$bBach-Archiv
=590  \\$aKatalog zur Sonderausstellung - Dieterich Buxtehude 'ein weitberühmter Musicus und Organiste' im Bach-Museum Leipzig, 27. September bis 30. Dezember 2007
=600  \0$1http://www.wikidata.org/entity/Q153637$aBuxtehude, Dietrich$d1637-1707$910062
=650  \0$1http://www.wikidata.org/entity/Q464980$aExhibition$925353
=650  \0$1http://www.wikidata.org/entity/Q2352616$aCatalogue$921484
=650  \0$1http://www.wikidata.org/entity/Q36834$aComposer$93625
=650  \0$1http://www.wikidata.org/entity/Q765778$aOrganist$94471
=650  \0$1http://www.wikidata.org/entity/Q846047$aMusic history$921373
=700  \\$4edt$aHübner, Maria$911724
=700  \\$1http://www.wikidata.org/entity/Q66488$4edt$aWolff, Christoph$d1940-$910387
=700  \\$1http://www.wikidata.org/entity/Q95339065$4edt$aWollny, Peter$d1961-$915578
=700  1\$4trl$926450$aWollny, Stephanie
=700  \\$1http://www.wikidata.org/entity/Q112042944$4win$aWiese, Kerstin$915511
=942  \\$cBOO
=952  \\$00$10$2ddc$40$6BIO_BUXT_D$70$8BIO$913209$aORPH$bORPH$cKTS1_P$d2020-07-08$eKoopman$i37F04$oBIO BUXT d$p20120500$r2021-01-12 00:00:00$w2021-01-12$yBOO$OKoopman
=999  \\$d13227

