=LDR  01077    a2200241   4500
=001  13228
=008  211213s1990\\\\\\\|||||\||||\00|\0\ger\d
=041  \\$ager
=245  \\$aHasse-Studien$n1
=260  \\$aStuttgart$bCarus$c1990
=490  \\$aSchriftenreihe der Hasse-Gesellschaften in Hamburg-Bergedorf und München
=600  \0$aHasse, Johann Adolf$d1699-1783$1http://www.wikidata.org/entity/Q164732$94966
=648  \0$a18th Century (1701-1800)$1http://www.wikidata.org/entity/Q7015$920899
=650  \0$aComposer$1http://www.wikidata.org/entity/Q36834$93625
=650  \0$aOpera$1http://www.wikidata.org/entity/Q1344$92468
=651  \0$aItaly$1http://www.wikidata.org/entity/Q38$922
=651  \0$aDresden (Germany)$1http://www.wikidata.org/entity/Q1731$947
=700  \\$4edt$aWiesend, Reinhard$914998
=700  \\$4edt$aViertel, K. H.$923259
=700  \\$4edt$aHochstein, Wolfgang$911598
=942  \\$cBOO
=952  \\$00$10$2ddc$40$6BIO_HASS2_E$70$8BIO$913210$aORPH$bORPH$cKTS1_P$d2020-07-08$eKoopman$i44B18$oBIO HASS2 e$p20126694$r2021-01-12 00:00:00$w2021-01-12$yBOO
=999  \\$d13228

