=LDR  01480nam a2200313 a 4500
=001  13229
=005  20251003085459.0
=008  860331s1984\\\\gw\ag\\\\b\\\\001\0\ger\\
=020  \\$a3795204364 (I)
=020  \\$a3795204003 (II)
=040  \\$aOI
=041  \\$ager
=100  \\$aWiesend, Reinhard$4aut$914998
=245  10$aStudien zur Opera Seria von Baldassare Galuppi:$bWerksituation und Überlieferung, Form und Satztechnik, Inhaltsdarstellung. Mit einer Biographie und einem Quellenverzeichnis der Opern
=260  \\$aTutzing$bSchneider$c1984
=300  \\$a2 vols.$billustrations, music$c24 cm
=490  \\$aWürzburger musikhistorische Beiträge$v8
=504  \\$aBibliography: v. 1, p. 370-375.
=505  0\$aI. [without special title] -- II. Notenbeispiele.
=600  \0$aGaluppi, Baldassare$d1706-1785$1http://www.wikidata.org/entity/Q208338$95847
=648  \0$a18th Century (1701-1800)$1http://www.wikidata.org/entity/Q7015$920899
=650  \0$aOpera$1http://www.wikidata.org/entity/Q1344$92468
=650  \0$aMusical analysis$1http://www.wikidata.org/entity/Q1544924$92775
=650  \0$aManuscript$1http://www.wikidata.org/entity/Q87167$92275
=650  \0$aCatalogue$1http://www.wikidata.org/entity/Q2352616$921484
=651  \0$aItaly$1http://www.wikidata.org/entity/Q38$922
=942  \\$cBOO
=952  \\$00$10$2ddc$40$6BIO_GALU_E$70$8BIO$913211$aORPH$bORPH$cKTS1_P$d2020-07-08$eKoopman$i47E40$oBIO GALU e$p20123826$r2021-01-12 00:00:00$w2021-01-12$yBOO
=999  \\$d13229

