=LDR  00397    a2200121   4500
=001  13231
=020  \\$a9070655373
=100  \\$aWijk, F. van$915515
=245  \\$aGerhardus Havingha (1696-1753)
=260  \\$c2003
=942  \\$cBOO
=952  \\$00$10$2ddc$40$6BIO_HAVI_D$70$8BIO$913213$aORPH$bORPH$cKTS1_P$d2020-07-08$eKoopman$i31C19$oBIO HAVI d$p20123251$r2021-01-12 00:00:00$w2021-01-12$yBOO$OKoopman
=999  \\$c13231$d13231

