=LDR  00358    a2200109   4500
=001  13233
=100  \\$aWijngaards, N.$915516
=245  \\$aJan Harmens Krul
=260  \\$c1964
=942  \\$cBOO
=952  \\$00$10$2ddc$40$6BIO_KRUL_D$70$8BIO$913215$aORPH$bORPH$cKTS1_P$d2020-07-08$eKoopman$i23G38$oBIO KRUL d$p20125744$r2021-01-12 00:00:00$w2021-01-12$yBOO$OKoopman
=999  \\$c13233$d13233

