=LDR  01112aam a2200217   4500
=001  13236
=008  220121s1969\\\\\\\a||||\||||\00|\0\ger\d
=041  \\$ager
=100  \\$aWilberg Vignau-Schuurman, T. A. G.$4aut$915519
=245  \\$aDie emblematischen Elemente im Werke Joris Hoefnagels
=260  \\$aLeiden$bUniversitaire Pers Leiden$c1969
=300  \\$a2 volumes
=600  \0$aHoefnagel, Joris$d1542-1601$1http://www.wikidata.org/entity/Q1388840$915276
=648  \0$a16th Century (1501-1600)$1http://www.wikidata.org/entity/Q7017$920944
=650  \0$aFine art$1http://www.wikidata.org/entity/Q219625$921579
=650  \0$aEmblem$1http://www.wikidata.org/entity/Q112110$93250
=651  \0$aNetherlands$1http://www.wikidata.org/entity/Q55$9173
=942  \\$cBOO
=952  \\$00$10$2ddc$3vol. 1$40$6BIO_HOEF_E$70$8BIO$913218$aORPH$bORPH$cKTS1_P$d2020-07-08$eKoopman$i38E37_01$oBIO HOEF e$p20120364$r2021-01-12 00:00:00$w2021-01-12$yBOO
=952  \\$00$10$2ddc$3vol. 2$40$6BIO_HOEF_E$70$8BIO$913219$aORPH$bORPH$cKTS1_P$d2020-07-08$eKoopman$i38E37_02$oBIO HOEF e$p20120363$r2021-01-12 00:00:00$w2021-01-12$yBOO
=999  \\$d13236

