=LDR  00366    a2200109   4500
=001  13238
=100  \\$aWilbert, H.J.$915520
=245  \\$aDie Messen des Adriano Banchieri
=260  \\$c1969
=942  \\$cBOO
=952  \\$00$10$2ddc$40$6BIO_BANC1_E$70$8BIO$913220$aORPH$bORPH$cKTS1_P$d2020-07-08$eKoopman$i32C13$oBIO BANC1 e$p20122907$r2021-01-12 00:00:00$w2021-01-12$yDIS
=999  \\$c13238$d13238

