=LDR  00840aam a2200193   4500
=001  13239
=008  230402s1988\\\\||||||||\c|||\00|\0\dut\d
=020  \\$a9070874083
=041  \\$adut
=100  \\$aWildenberg, I. W.$915521$4aut
=245  \\$aCatalogus van de oude drukken van het Rotterdamsch Leeskabinet
=260  \\$aRotterdam$bRotterdamsch Leeskabinet$c1988
=490  \\$aHistorische Publicaties Roterodamum$v33
=650  \0$aLibrary$1http://www.wikidata.org/entity/Q7075$94229
=650  \0$aPrinting$1http://www.wikidata.org/entity/Q11034$921936
=651  \0$aRotterdam (Netherlands)$1http://www.wikidata.org/entity/Q34370$962
=942  \\$cBOO
=952  \\$00$10$2ddc$40$6BIB_4_000000000000000_NL_ROT$70$8BIB$913221$aORPH$bORPH$cKTS0$d2020-07-08$eKoopman$i44B24$l0$oBIB4 NL.ROT$p20126689$r2021-01-12 00:00:00$w2021-01-12$yBOO$OKoopman
=999  \\$d13239

