=LDR  00732cam a2200205 i 4500
=001  13241
=005  20250109133425.0
=008  780223s1977\\\\enka\\\\\b\\\\001\0\eng\\
=020  \\$a0241895871 :$c£8.50
=040  \\$aOI
=041  \\$aeng
=100  \\$aWillan, Anne$4aut$915523
=245  10$aGreat Cooks and Their Recipes:$bfrom Taillevent to Escoffier
=260  \\$aLondon$bElm Tree Books$c1977
=300  \\$a199 pages$bill. (some col.)$c28 cm
=504  \\$aBibliography: p. 195-197.
=650  \0$aCookbook$1http://www.wikidata.org/entity/Q605076$921485
=942  \\$cBOO
=952  \\$00$10$2ddc$40$6HUM_WILL$70$8HUM$920970$aORPH$bORPH$cKM12_1$d2020-07-08$eKoopman$i18A30$oHUM WILL$p20127014$r2021-11-16 00:00:00$w2021-11-16$yBOO
=999  \\$d13241

