=LDR  01472cam a2200289 a 4500
=001  13245
=005  20250901113608.0
=008  960313s1995\\\\gw\g\\\\\bc\\\000\0\ger\\
=020  \\$a3631470142
=040  \\$aOI
=041  \\$ager
=100  \\$aWiller, Monika$d-1960$4aut$915527
=245  14$aDie Konzertform der Brüder Carl Heinrich und Johann Gottlieb Graun
=260  \\$aFrankfurt am Main$aNew York$bLang$c1995
=300  \\$a390 p. :$bill. ;$c21 cm.
=490  1\$aEuropäische Hochschulschriften. Reihe XXXVI, Musikwissenschaft$x0721-3611$v117$aPublications universitaires européennes. Série XXXVI, Musicologie$v117$aEuropean university studies. Series XXXVI, Musicology$v117
=504  \\$aIncludes bibliographical references (p. 287-291).
=600  \0$aGraun, Carl Heinrich$d1704-1759$1http://www.wikidata.org/entity/Q161208$96249
=600  \0$aGraun, Johann Gottlieb$d1702/03-1771$1http://www.wikidata.org/entity/Q502321$99277
=610  \0$aGraun family$922335
=648  \0$a18th Century (1701-1800)$1http://www.wikidata.org/entity/Q7015$920899
=650  \0$aMusic history$1http://www.wikidata.org/entity/Q846047$921373
=650  \0$aMusical analysis$1http://www.wikidata.org/entity/Q1544924$92775
=650  \0$aConcerto$1http://www.wikidata.org/entity/Q9748$921817
=942  \\$cBOO
=952  \\$00$10$2ddc$40$6BIO_GRAU0_E$70$8BIO$913226$aORPH$bORPH$cKTS1_P$d2020-07-08$eKoopman$i42B14$l0$oBIO GRAU0 e$p20120080$r2021-01-12 00:00:00$w2021-01-12$yBOO
=999  \\$d13245

