=LDR  00378    a2200109   4500
=001  13248
=100  \\$aWilliams, N. Z.$915534
=245  \\$aThe Masses of Giovanni Francesco
=260  \\$c1971
=942  \\$cBOO
=952  \\$00$10$2ddc$40$6BIO_ANER_E$70$8BIO$913229$aORPH$bORPH$cKTS1_P$d2020-07-08$eKoopman$i33G38$l0$oBIO ANER e$p20122671$r2021-01-12 00:00:00$w2021-01-12$yBOO$OKoopman
=999  \\$c13248$d13248

