=LDR  00968cam a22002411  4500
=001  13249
=005  20250820153550.0
=008  720530s1970\\\\stkg\\\\\b\\\\000\0\eng\\
=015  \\$aGB71-5794
=020  \\$a0852240546
=020  \\$a0852240554
=040  \\$aOI
=041  \\$aeng
=100  \\$aWilliams, Peter$d1937-2016$4aut$915535
=245  10$aFigured bass accompaniment I
=260  \\$aEdinburgh,$bUniversity Press$c[c1970]
=300  \\$a117 pages$bmusic.$c30 cm.
=504  \\$aBibliography: v. 1, p. 106-115.
=650  \0$aBasso continuo$1http://www.wikidata.org/entity/Q724321$921065
=942  \\$cBOO
=952  \\$00$10$2ddc$40$6MTP_2_000000000000000_WILL$70$8MTP$913230$aORPH$bORPH$cKM12_1$d2020-07-08$eKoopman$i21A54-1$l0$oMTP 2 WILL$p20128346$r2021-01-12 00:00:00$w2021-01-12$yBOO
=952  \\$00$10$2ddc$40$6MTP_2_000000000000000_WILL$70$8MTP$913237$aORPH$bORPH$cKM12_1$d2020-07-08$l0$oMTP 2 WILL$p20129970$r2021-01-12 00:00:00$w2021-01-12$yBOO
=999  \\$c13249$d13249

