=LDR  00704    a2200157   4500
=001  13250
=008  210301b\\\\\\\\be\|||||\||||\00|\0\eng\d
=041  \\$aeng
=100  \\$aWilliams, Peter$d1937-2016$4aut$915535
=245  \\$aFigured Bass Accompaniment II
=260  \\$aEdinburg$bEdingburg University Press$c1970
=300  \\$a131 pages
=942  \\$cBOO
=952  \\$00$10$2ddc$40$6MTP_2_000000000000000_WILL$70$8MTP$913231$aORPH$bORPH$cKM12_1$d2020-07-08$eKoopman$i21A54-2$l0$oMTP 2 WILL$p20128345$r2021-01-12 00:00:00$w2021-01-12$yBOO
=952  \\$00$10$2ddc$40$6MTP_2_000000000000000_WILL$70$8MTP$913238$aORPH$bORPH$cKM12_1$d2020-07-08$l0$oMTP 2 WILL$p20129971$r2021-01-12 00:00:00$w2021-01-12$yBOO
=999  \\$c13250$d13250

