=LDR  00960cam a2200229 a 4500
=001  13259
=005  20211001160122.0
=008  110325s2010\\\\ne\a\\\\\b\\\\001\0adut\\
=020  \\$a9789087041793
=040  \\$aOI
=100  1\$aWilligen, Adriaan van der, 1766-1841.
=245  13$aDe levensloop van Adriaan van der Willigen (1766-1841) :$been autobiografie uit een tijdperk van overgang /$cuitgave verzorgd door C.J.M. van der Heijden en J.G.M. Sanders.
=260  \\$aHilversum :$bVerloren,$c2010.
=300  \\$a732 p. :$bill. ;$c22 cm.
=490  0\$aEgodocumenten
=504  \\$aIncludes bibliographical references and indexes.
=600  10$aWilligen, Adriaan van der,$d1766-1841$vDiaries.
=700  1\$aHeijden, Lia van der.
=700  1\$aSanders, J. G. M.
=952  \\$00$10$2ddc$40$6BIO_WILL5_A$70$8BIO$913240$aORPH$bORPH$cKTS1_P$d2020-07-08$eKoopman$i42B26$oBIO WILL5 a$p20120069$r2021-01-12 00:00:00$w2021-01-12$yBOO$OKoopman
=999  \\$c13259$d13259
=942  \\$cBOO

