=LDR  01302aam a2200265   4500
=001  13260
=005  20250925143300.0
=008  220930s1939\\\\|||\||||\||||\00|\0\fre\d
=041  \\$afre
=100  \\$aWilmotte, Maurice$d1861-1942$1http://www.wikidata.org/entity/Q1911476$4aut$915537
=245  \\$aL'Épopée française :$bOrigine et elaboration
=260  \\$aParis$bBoivin$c1939
=300  \\$a[viii]-217 pages
=500  \\$aa long poem of national scope recounting the historical or mythical exploits of a hero or a people
=561  \\$aAutograph dedication by the author
=648  \0$aMiddle Ages (500-1400)$1http://www.wikidata.org/entity/Q12554$920964
=648  \0$a19th Century (1801-1900)$1http://www.wikidata.org/entity/Q6955$920935
=648  \0$a20th Century (1901-2000)$1http://www.wikidata.org/entity/Q6927$920936
=650  \0$aLiterature$1http://www.wikidata.org/entity/Q8242$94439
=650  \0$aPoetry$1http://www.wikidata.org/entity/Q482$93026
=650  \0$aEpic poem$1http://www.wikidata.org/entity/Q37484$940268
=651  \0$aFrance$1http://www.wikidata.org/entity/Q142$9131
=942  \\$cBOO
=952  \\$00$10$2ddc$40$6TOP_FR_3_000000000000000$70$8TOP$913241$aORPH$bORPH$cKTS0$d2020-07-08$eKoopman$i43D32$l0$oTOP FR 3$p20126498$r2021-01-12 00:00:00$w2021-01-12$yBOO$OKoopman
=999  \\$d13260

