=LDR  00773aam a2200181   4500
=001  13263
=005  20250926134857.0
=008  231031s1994\\\\||||||||\||||\00|\0\\\\\d
=100  \\$aWind, Thiemo$915539$4aut
=245  \\$aMatthaeus Passion
=260  \\$bThe Company$c1994
=600  \0$aBach, Johann Sebastian$d1685-1750$1http://www.wikidata.org/entity/Q1339$94766
=648  \0$a18th Century (1701-1800)$1http://www.wikidata.org/entity/Q7015$920899
=650  \0$aPassion$1http://www.wikidata.org/entity/Q781815$92006
=651  \0$aLeipzig (Germany)$1http://www.wikidata.org/entity/Q2079$945
=942  \\$cBOO
=952  \\$00$10$40$6BIO_BACH1_E$70$8BIO$913244$aORPH$bORPH$cKTS1_P$d2020-07-08$eKoopman$i21E40$oBIO BACH1 e$p20125444$r2021-01-12 00:00:00$w2021-01-12$yBOO$OKoopman
=999  \\$d13263

