=LDR  01038aam a2200217   4500
=001  13266
=008  230524s1966\\\\||||||||\b|||\001\0\ger\d
=020  \\$a9783476001795
=041  \\$ager
=100  1\$aWindfuhr, Manfred$1http://www.wikidata.org/entity/Q1734611$4aut$915540
=245  \\$aDie barocke Bildlichkeit und ihre Kritiker:$bStilhaltungen in der deutschen Literatur des 17. und 18. Jahrhundert
=260  \\$aStuttgart$bMetzler$c1966
=300  \\$a477 pages
=648  \0$1http://www.wikidata.org/entity/Q7016$a17th Century (1601-1700)$920923
=648  \0$1http://www.wikidata.org/entity/Q7015$a18th Century (1701-1800)$920899
=650  \0$1http://www.wikidata.org/entity/Q8242$aLiterature$94439
=650  \0$aRhetoric$1http://www.wikidata.org/entity/Q81009$93894
=651  \0$1http://www.wikidata.org/entity/Q183$aGermany$9155
=942  \\$cBOO
=952  \\$00$10$2ddc$40$6TOP_DE_5_000000000000000$70$8TOP$913247$aORPH$bORPH$cKTS0$d2020-07-08$eKoopman$i44A16$l0$oTOP DE 5$p20126730$r2021-01-12 00:00:00$w2021-01-12$yBOO$OKoopman
=999  \\$d13266

