=LDR  04063cam a2200469 a 4500
=001  13269
=005  20250826173052.0
=008  880209s1987\\\\gw\ag\\\\b\\\\101\0\ger\\
=020  \\$a3795204941
=040  \\$aOI
=100  \\$aHabla, Bernhard$4edt$915543
=245  00$aJohann Joseph Fux und die barocke Bläsertradition.$bKongressbericht Graz 1985
=260  \\$aTutzing$bSchneider$c1987
=300  \\$a315 p. :$bill., music ;$c24 cm.
=490  \\$aAlta musica$v9
=504  \\$aBibliography: p. 301-310.
=505  \\$gInstrumentation im Zeichen des Hofzeremoniells. Bemerkungen zur Verwendung der Trompete im Schaffen von J.J. Fux / D. Altenburg -- Blasmusikforschung und -förderung in Brasilien / A. A. Bispo -- Der Status der Musik für Blasorchester im 20. Jahrhundert im Spiegel der "Festlichen Musiktage Uster" / L. Bly -- Die Bläsertradition des Grazer "Ferdinandeums" vor und um 1700 / E. Brixel -- Instrumentierung und Instrumentation aus der Sicht der österreichischen Blasmusikpraxis unserer Zeit / E. Brixel -- Blasinstrumente und Bläser der Dresdner Hofkapelle in der Zeit des Fux-Schülers Johann Dismas Zelenka (1710-1745) / H. Heyde -- Die hohen Holzblasinstrumente (Chalumeau und Oboe) im Schaffen von J.J. Fux / G. Joppig -- Aufführungspraktische Hinweise zur Renaissance barocker Clarin- Und Trompetenspieltechniken / F. Körner -- Block- und Querflöte im Umkreis von J.J. Fux. Versuch einer Übersicht / F. Kubitschek -- Holzblasinstrumente der tiefen Lage im Schaffen von J.J. Fux / M. Nagy -- Zur Geschichte und Verwendung der Mehrklangtechnik auf Blasinstrumenten / M. Nagy -- Blasmusik-Aufsätze von Fritz Thelen. Eine Bibliographie zum 80. Geburtstag am 24.11.1986 / I. & R. Osterried -- Theorie und Praxis der Mehrklangtechnik am Fagott / H. Riedelbauch -- Die Bedeutung der Blasinstrumente in alemannischen Sagen / E. Schneider -- Die Bläser der kaiserlichen Hofkapelle zur Zeit von J.J. Fux / H. Seifert -- Der Zink im Instrumentarium des süddeutsch-österreichischen Raumes 1650 bis 1750 / M. Spielmann -- Möglichkeiten und Chancen einer Fux-Renaissance- vor allem im Bereich der Bläsermusik / W. Suppan -- Die Bedeutung der Posaune im Schaffen von J.J. Fux / K. Winkler
=600  \0$aFux, Johann Joseph$d1660-1741$1http://www.wikidata.org/entity/Q311378$910900
=600  \0$aZelenka, Jan Dismas$d1679-1745$1http://www.wikidata.org/entity/Q157777$915627
=610  \0$aHouse of Habsburg$1http://www.wikidata.org/entity/Q65968$922829
=648  \0$a17th Century (1601-1700)$1http://www.wikidata.org/entity/Q7016$920923
=648  \0$a18th Century (1701-1800)$1http://www.wikidata.org/entity/Q7015$920899
=650  \0$aMusic history$1http://www.wikidata.org/entity/Q846047$921373
=650  \0$aInstrumentation$1http://www.wikidata.org/entity/Q617028$923032
=650  \0$aWind instrument$1http://www.wikidata.org/entity/Q173453$94615
=650  \0$aTrumpet$1http://www.wikidata.org/entity/Q8338$92388
=650  \0$aOboe$1http://www.wikidata.org/entity/Q8377$91905
=650  \0$aChalumeau$1http://www.wikidata.org/entity/Q1060334$926761
=650  \0$aRecorder$1http://www.wikidata.org/entity/Q187851$91903
=650  \0$aFlute$1http://www.wikidata.org/entity/Q11405$921276
=650  \0$aBassoon$1http://www.wikidata.org/entity/Q159998$921877
=650  \0$aCornett$1http://www.wikidata.org/entity/Q204638$92420
=650  \0$aTrombone$1http://www.wikidata.org/entity/Q8350$921860
=650  \0$aCourt$1http://www.wikidata.org/entity/Q1134237$922191
=650  \0$aCappella$1http://www.wikidata.org/entity/Q19902156$922910
=651  \0$aVienna (Austria)$1http://www.wikidata.org/entity/Q1741$920937
=651  \0$aGraz (Austria)$1http://www.wikidata.org/entity/Q13298$922170
=651  \0$aBrazil$1http://www.wikidata.org/entity/Q155$9209
=651  \0$aDresden (Germany)$1http://www.wikidata.org/entity/Q1731$947
=942  \\$cBOO
=952  \\$00$10$2ddc$40$6BIO_FUX_E$70$8BIO$913250$aORPH$bORPH$cKTS1_P$d2020-07-08$eKoopman$i32E03$oBIO FUX e$p20122868$r2021-01-12 00:00:00$w2021-01-12$yBOO$OKoopman
=999  \\$d13269

