=LDR  01037aam a2200217   4500
=001  13270
=008  240603s1979\\\\||||||||\||||\00|\0bdut\d
=020  \\$a9060880668
=041  \\$adut
=100  \\$aWinning, C. H. O. M. v.$915544$4aut
=245  \\$aJohan de Brune de Oude:$been Zeeuwsche Christen-moralist en humanist uit de zeventiende eeuw
=260  \\$aGroningen$bBouma's Boekhuis$c1979
=600  \0$aBrune, Johan de$d1588-1658$1http://www.wikidata.org/entity/Q2012308$96830
=648  \0$a17th Century (1601-1700)$1http://www.wikidata.org/entity/Q7016$920923
=650  \0$aWriter$1http://www.wikidata.org/entity/Q36180$93885
=650  \0$aPolitics$1http://www.wikidata.org/entity/Q7163$921826
=650  \0$aBiography$1http://www.wikidata.org/entity/Q36279$91927
=651  \0$aZeeland (Netherlands)$1http://www.wikidata.org/entity/Q705$922789
=942  \\$cBOO
=952  \\$00$10$2ddc$40$6BIO_BRUN_D$70$8BIO$913251$aORPH$bORPH$cKTS1_P$d2020-07-08$eKoopman$i33E48$oBIO BRUN d$p20120941$r2021-01-12 00:00:00$w2021-01-12$yBOO$OKoopman
=999  \\$d13270

