=LDR  00834    a2200193   4500
=001  13271
=008  220409s1965\\\\gw\f||||\||||\00|\0\ger\d
=041  \\$ager
=100  \\$aWinter, Carl$4aut$915545
=245  \\$aDas Orgelwerk des Freiburger Münsters
=260  \\$c1965$aFreiburg$bChristophorus
=300  \\$a48 pages
=610  \0$aFreiburger Münster (Germany)$1http://www.wikidata.org/entity/Q250212$923891
=650  \0$aOrgan$1http://www.wikidata.org/entity/Q1444$92810
=650  \0$aChurch$1http://www.wikidata.org/entity/Q16970$93776
=651  \0$aFreiburg im Breisgau (Germany)$1http://www.wikidata.org/entity/Q2833$924418
=942  \\$cBOO
=952  \\$00$10$2ddc$40$6INS_3_000000000000000_1E_DE_FRE1$70$8INS$913252$aORPH$bORPH$cKTS0$d2020-07-08$eKoopman$i42G13$oINS3.1e DE.FRE1$p20120035$r2021-01-12 00:00:00$w2021-01-12$yBOO
=999  \\$d13271

