=LDR  00373    a2200109   4500
=001  13272
=100  \\$aWinter, Carl$915545
=245  \\$aRuggiero Giovannelli (c.1560-1625
=260  \\$c1935
=942  \\$cBOO
=952  \\$00$10$2ddc$40$6BIO_GIOV_D$70$8BIO$913253$aORPH$bORPH$cKTS1_P$d2020-07-08$eKoopman$i43G07$oBIO GIOV d$p20126806$r2021-01-12 00:00:00$w2021-01-12$yBOO$OKoopman
=999  \\$c13272$d13272

