=LDR  00564    a2200181   4500
=001  13275
=003  OSt
=005  20250120120005.0
=008  210209b\\\\\\\\\\\|||||\||||\00|\0\eng\d
=040  \\$cST
=041  \\$ager
=100  \\$aWinterfeld, Carl von$4aut$915546
=245  \\$aZur Geschichte heiliger Tonkunst
=260  \\$c1820
=300  \\$aI: 465 pages, II: 371 pages
=942  \\$cBOO$2ddc
=952  \\$00$10$2ddc$40$6GEN_2_000000000000000$70$8GEN$913256$aORPH$bORPH$cKM12_1$d2020-07-08$eKoopman$l0$oGEN 2$p20120694$r2021-01-12 00:00:00$w2021-01-12$yBOO
=999  \\$c13275$d13275

