=LDR  01068cam a2200253 a 4500
=001  13276
=005  20250120120002.0
=008  810914s1982\\\\ctua\\\\\\\\\\001\0\eng\\
=020  \\$a0300026315
=040  \\$aOI
=041  \\$aeng
=100  \\$aWinternitz, Emanuel$4aut$915547
=245  10$aLeonardo da Vinci as a Musician
=260  \\$aNew Haven, CT$aLondon$bYale University Press$c1982
=300  \\$axxv-241 pages$bill. ;$c29 cm.
=600  \0$aLeonardo$cda Vinci$d1452-1519$1http://www.wikidata.org/entity/Q762$915299
=648  \0$a15th Century (1401-1500)$1http://www.wikidata.org/entity/Q7018$921015
=650  \0$aOrganology$1http://www.wikidata.org/entity/Q899293$921400
=650  \0$aMusic history$1http://www.wikidata.org/entity/Q846047$921373
=650  \0$aStaging$1http://www.wikidata.org/entity/Q3508687$922118
=651  \0$aItaly$1http://www.wikidata.org/entity/Q38$922
=942  \\$cBOO
=952  \\$00$10$2ddc$40$6BIO_LEON_E$70$8BIO$913257$aORPH$bORPH$cKTS1_P$d2020-07-08$eKoopman$i18B30$oBIO LEON e$p20127713$r2021-01-12 00:00:00$w2021-01-12$yBOO
=999  \\$d13276

