=LDR  01297pam a2200253 i 4500
=001  13277
=008  781117s1979\\\\-usaf\\\\b\\\\001\0\eng\\
=041  \\$aeng
=100  \\$aWinternitz, Emanuel$4aut$915547
=245  10$aMusical Instruments and Their Symbolism in Western Art.$bStudies in Musical Iconology
=260  \\$aNew Have$bYale University Press$c1979
=300  \\$a253 pages
=504  \\$aIncludes bibliographical references and index, as well as a bibliography of writings by Emanuel Winternitz since 1940.
=534  \\$cLondon: Faber and Faber, 1967
=648  \0$aClassical Antiquity (8th Century BC-6th Century AD)$1http://www.wikidata.org/entity/Q486761$921435
=648  \0$aMiddle Ages (500-1400)$1http://www.wikidata.org/entity/Q12554$920964
=648  \0$aRenaissance (1400-1600)$1http://www.wikidata.org/entity/Q4692$920965
=650  \0$aIconography$1http://www.wikidata.org/entity/Q208145$921259
=650  \0$aOrganology$1http://www.wikidata.org/entity/Q899293$921400
=650  \0$aFine art$1http://www.wikidata.org/entity/Q219625$921579
=650  \0$aSymbol$1http://www.wikidata.org/entity/Q80071$93606
=942  \\$cBOO
=952  \\$00$10$2ddc$40$6INS_1A$70$8INS$913258$aORPH$bORPH$cKTS0$d2020-07-08$eKoopman$i19C32$oINS1a$p20127898$r2021-01-12 00:00:00$w2021-01-12$yBOO
=999  \\$d13277

