=LDR  01245aam a2200253   4500
=001  13278
=005  20251003085459.0
=008  211103b\\\\\\\\||||||||\||||\00|\0\###\d
=041  \\$aeng
=100  \\$aWinternitz, Emanuel$4cur$915547
=245  \\$aKeyboard Instruments in the Metropolitan Museum of Art
=260  \\$aNew York$bMetropolitan Museum of Art$c1961
=300  \\$a48 pages
=610  \0$aMetropolitan Museum of Art (New York City, USA)$1http://www.wikidata.org/entity/Q160236$91275
=648  \0$a16th Century (1501-1600)$1http://www.wikidata.org/entity/Q7017$920944
=648  \0$a17th Century (1601-1700)$1http://www.wikidata.org/entity/Q7016$920923
=648  \0$a18th Century (1701-1800)$1http://www.wikidata.org/entity/Q7015$920899
=648  \0$a19th Century (1801-1900)$1http://www.wikidata.org/entity/Q6955$920935
=650  \0$aKeyboard instrument$1http://www.wikidata.org/entity/Q52954$92849
=650  \0$aCatalogue$1http://www.wikidata.org/entity/Q2352616$921484
=651  \0$aNew York City (USA)$1http://www.wikidata.org/entity/Q60$959
=942  \\$cBOO
=952  \\$00$10$2ddc$40$6INS_3A_US_NEW1$70$8INS$913259$aORPH$bORPH$cKTS0$d2020-07-08$eKoopman$i20D23$oINS3a US.NEW1$p20125314$r2021-01-12 00:00:00$w2021-01-12$yBOO
=999  \\$d13278

