=LDR  01680aam a2200337   4500
=001  13279
=008  210923s1972\\\\|||fo|||\||||\001\0\fre\d
=041  \\$afre
=100  \\$aWinternitz, Emanuel$4aut$915547
=245  \\$aInstruments de musique du monde occidental
=260  \\$aPris$bArthaud$c1972
=300  \\$a264 pages
=490  \\$aCollection "Les Imaginaires"
=561  \\$aEx Libris Ton Koopman
=648  \0$aMiddle Ages (500-1400)$1http://www.wikidata.org/entity/Q12554$920964
=648  \0$a15th Century (1401-1500)$1http://www.wikidata.org/entity/Q7018$921015
=648  \0$a16th Century (1501-1600)$1http://www.wikidata.org/entity/Q7017$920944
=648  \0$a17th Century (1601-1700)$1http://www.wikidata.org/entity/Q7016$920923
=648  \0$a19th Century (1801-1900)$1http://www.wikidata.org/entity/Q6955$920935
=648  \0$a18th Century (1701-1800)$1http://www.wikidata.org/entity/Q7015$920899
=650  \0$aOrganology$1http://www.wikidata.org/entity/Q899293$921400
=650  \0$aBowed string instrument$1http://www.wikidata.org/entity/Q192096$92398
=650  \0$aPlucked string instrument$1http://www.wikidata.org/entity/Q230262$921883
=650  \0$aWind instrument$1http://www.wikidata.org/entity/Q173453$94615
=650  \0$aPercussion$1http://www.wikidata.org/entity/Q1661583$92155
=651  \0$aEurope$1http://www.wikidata.org/entity/Q46$991
=700  \\$4trl$aHucher, Yves$1http://www.wikidata.org/entity/Q55988018$922274
=700  \\$4trl$aMorini, Jacqueline$922275
=942  \\$cBOO
=952  \\$00$10$2ddc$40$6INS_1A$70$913260$aORPH$bORPH$cKTS0$d2020-07-08$eKoopman$i46G16$oINS1a$p20127001$r2021-01-12 00:00:00$v50.00$w2021-01-12$yTYPE_UNK
=999  \\$d13279

