=LDR  01291aam a2200253   4500
=001  13280
=008  250210s1974\\\\|||g||||\||||\00|\0\ger\d
=041  \\$ager
=100  \\$aWirth, H.$915550$4aut
=245  \\$aL'Anima del Filosofo ossia Orfeo ed Euridice.$bKritischer Bericht
=260  \\$aMunich$bHenle$c1974
=490  \\$aJoseph Haydn Werke$vXXV/13 kb
=534  \\$aComposed in 1791 but never performed in Haydn's lifetime
=600  \0$aHaydn, Joseph$d1732-1809$1http://www.wikidata.org/entity/Q7349$94783
=600  \0$aOrpheus$1http://www.wikidata.org/entity/Q174353$911156
=610  \0$aTheatre Royal, Haymarket (London, United Kingdom)$1http://www.wikidata.org/entity/Q540426$923268
=648  \0$a18th Century (1701-1800)$1http://www.wikidata.org/entity/Q7015$920899
=650  \0$aOpera seria$1http://www.wikidata.org/entity/Q210675$925224
=650  \0$aMythology$1http://www.wikidata.org/entity/Q9134$921600
=650  \0$aUrtext edition$1http://www.wikidata.org/entity/Q2564985$923763
=651  \0$aLondon (United Kingdom)$1http://www.wikidata.org/entity/Q84$9123
=942  \\$cBOO
=952  \\$00$10$2ddc$40$6BIO_HAYD1_ESCO_HAYD1$70$8BIO$913261$aORPH$bORPH$cKTS1_P$d2020-07-08$eKoopman$i33D09$oBIO HAYD1 e-->SCO HAYD1$p20122740$r2021-01-12 00:00:00$w2021-01-12$yBOO$OKoopman
=999  \\$d13280

