=LDR  00851aam a2200193   4500
=001  13281
=008  231201s1926\\\\||||||||\||||\00|\p\dut\d
=041  \\$adut
=100  \\$aWirth, L. J. Th.$915551$4aut
=245  \\$aEen eeuw kinderpoëzie 1778-1878
=260  \\$aGroningen$bWolters$c1926
=648  \0$a18th Century (1701-1800)$1http://www.wikidata.org/entity/Q7015$920899
=648  \0$a19th Century (1801-1900)$1http://www.wikidata.org/entity/Q6955$920935
=650  \0$aPoetry$1http://www.wikidata.org/entity/Q482$93026
=650  \0$aChild$1http://www.wikidata.org/entity/Q7569$92175
=651  \0$aNetherlands$1http://www.wikidata.org/entity/Q55$9173
=942  \\$cBOO
=952  \\$00$10$2ddc$40$6TOP_LIT_WIRT_A$70$8LIT$913262$aORPH$bORPH$cKTS0$d2020-07-08$eKoopman$i34E33$l0$oTOP-->LIT WIRT a$p20120792$r2021-01-12 00:00:00$w2021-01-12$yBOO$OKoopman
=999  \\$d13281

