=LDR  01128aam a2200241   4500
=001  13282
=005  20250926134857.0
=008  231201s2013\\\\||||||||\m|||\00|\0\dut\d
=041  \\$adut
=100  \\$aWit, G. de$915552$4aut
=245  \\$aEen incompleet werk... De Sinfonia uit cantate BWV 188:$bAchtergrond, uitvoeringspraktijk en reconstructie
=260  \\$c2013
=500  \\$aThesis
=600  \0$aBach, Johann Sebastian$d1685-1750$1http://www.wikidata.org/entity/Q1339$94766
=648  \0$a18th Century (1701-1800)$1http://www.wikidata.org/entity/Q7015$920899
=650  \0$aCantata$1http://www.wikidata.org/entity/Q174873$921603
=650  \0$aSymphony$1http://www.wikidata.org/entity/Q9734$92527
=650  \0$aArrangement$1http://www.wikidata.org/entity/Q379755$94282
=650  \0$aHistorically informed performance$1http://www.wikidata.org/entity/Q1344860$920980
=651  \0$aLeipzig (Germany)$1http://www.wikidata.org/entity/Q2079$945
=942  \\$cBOO
=952  \\$00$10$2ddc$40$6BIO_BACH1_E$70$8BIO$913263$aORPH$bORPH$cKTS1_P$d2020-07-08$eKoopman$i43C27$oBIO BACH1 e$p20127180$r2021-01-12 00:00:00$w2021-01-12$yBOO
=999  \\$d13282

