=LDR  01008aam a2200229   4500
=001  13284
=008  240102s1946\\\\|||a||||\||||\00|\0\dut\d
=041  \\$adut
=100  \\$aWitsen Elias, J. S.$915554$4aut
=245  \\$aKoorbanken koorhekken en kansels
=260  \\$aAmsterdam$bContact$c1946
=300  \\$a83 pages, 197 plates
=490  \\$aDe schoonheid van ons land$vBeeldhouwkunst
=648  \0$aMiddle Ages (500-1400)$1http://www.wikidata.org/entity/Q12554$920964
=650  \0$aInterior design$1http://www.wikidata.org/entity/Q179232$921367
=650  \0$aArchitecture$1http://www.wikidata.org/entity/Q12271$93185
=650  \0$aChurch$1http://www.wikidata.org/entity/Q16970$93776
=651  \0$aNetherlands$1http://www.wikidata.org/entity/Q55$9173
=700  \\$aSibbelee, Hans$d1915-2003$4pht$926903
=942  \\$cBOO
=952  \\$00$10$2ddc$40$6TOP_NL_3_000000000000000$70$8TOP$913265$aORPH$bORPH$cKTS0$d2020-07-08$eKoopman$i34C01$l0$oTOP NL 3$p20122586$r2021-01-12 00:00:00$w2021-01-12$yBOO$OKoopman
=999  \\$d13284

