=LDR  01149aam a2200205   4500
=001  13286
=008  250120s1979\\\\|||a||||\||||\00|\0\dut\d
=041  \\$adut
=110  \\$aKoninklijke Bibliotheek van België / Bibliothèque royale 'Albert Ier' (Brussels, Belgium)$1http://www.wikidata.org/entity/Q383931$91442
=245  \\$aVijf jaar aanwinsten 1974-1978:$bTentoonstelling georganiseerd in de Koninklijke Bibliotheek Albert I van 22 september tot 31 oktober 1979
=260  \\$c1979$aBrussel$bKoninklijke bibliotheek Albert I
=300  \\$a598 pages
=500  \\$acontains sections on manuscripts, coins, music, autograph materials, literary works, prints and engravings, maps, etc. 
=650  \0$aLibrary$1http://www.wikidata.org/entity/Q7075$94229
=650  \0$aCollecting$1http://www.wikidata.org/entity/Q208165$92117
=651  \0$aBrussels (Belgium)$1http://www.wikidata.org/entity/Q239$937
=700  \\$aWittek, Martin$4win$915556
=942  \\$cBOO
=952  \\$00$10$2ddc$40$6BIB_4_000000000000000_BE_BRU1$70$8BIB$913267$aORPH$bORPH$cKTS0$d2020-07-08$eKoopman$i18C32$l0$oBIB4 BE.BRU1$p20127071$r2021-01-12 00:00:00$w2021-01-12$yBOO$OKoopman
=999  \\$d13286

