=LDR  01187aam a2200241   4500
=001  13287
=005  20250925143300.0
=008  240318s1979\\\\||||||||\||||\00|\0\dut\d
=041  \\$adut
=100  \\$aWittop Koning, D. A.$4aut$915557
=245  \\$aGeneeskunde en farmacie in de Nederlandse politieke prent 1632-1932
=260  \\$aHaarlem$bMerck Sharp & Dohme$c1979
=648  \0$a17th Century (1601-1700)$1http://www.wikidata.org/entity/Q7016$920923
=648  \0$a18th Century (1701-1800)$1http://www.wikidata.org/entity/Q7015$920899
=648  \0$a19th Century (1801-1900)$1http://www.wikidata.org/entity/Q6955$920935
=648  \0$a20th Century (1901-2000)$1http://www.wikidata.org/entity/Q6927$920936
=650  \0$aMedicine$1http://www.wikidata.org/entity/Q11190$921959
=650  \0$aPolitics$1http://www.wikidata.org/entity/Q7163$921826
=650  \0$aIconography$1http://www.wikidata.org/entity/Q208145$921259
=651  \0$aNetherlands$1http://www.wikidata.org/entity/Q55$9173
=942  \\$cBOO
=952  \\$00$10$2ddc$40$6TOP_NL_5_000000000000000$70$8TOP$913268$aORPH$bORPH$cKTS0$d2020-07-08$eKoopman$i25A05$l0$oTOP NL 5$p20129166$r2021-01-12 00:00:00$w2021-01-12$yBOO$OKoopman
=999  \\$d13287

