=LDR  00736nam a2200205Ia 4500
=001  13288
=008  230131s1970\\\\\\\\\\\\\\\\\\\\\\0\ger
=020  \\$a3412073709
=041  \\$ager
=100  \\$aWitzenmann, Wolfgang$910684$4edt$d1937-
=245  \0$aStudien zur italienisch-deutschen Musikgeschichte$nVII
=260  \\$aCologne$bBöhlau$c1970
=300  \\$a377 pages
=490  \\$aAnalecta musicologica$v9
=650  \0$aMusic history$1http://www.wikidata.org/entity/Q846047$921373
=651  \0$aItaly$1http://www.wikidata.org/entity/Q38$922
=651  \0$aGermany$1http://www.wikidata.org/entity/Q183$9155
=942  \\$cBOO
=952  \\$00$10$2ddc$40$6TOP_IT$70$8TOP$913269$aORPH$bORPH$cKTS0$d2020-07-08$eKoopman$oTOP IT$p20129441$yBOO
=999  \\$d13288

