=LDR  01437cam a2200301 a 4500
=001  13290
=005  20250120120007.0
=008  080501s2008\\\\gw\\\\\\\b\\\\001\0\ger\d
=010  \\$a  2008395219
=020  \\$a9783890074917 (Gesamtwerk)
=020  \\$a389007491X (Gesamtwerk)
=040  \\$aOI
=041  \\$ager
=100  \\$aWitzenmann, Wolfgang$d1937-$910684$4aut
=245  14$aDie Lateran-Kapelle von 1599 bis 1650
=260  \\$aLaaber$bLaaber-Verlag$c2008
=300  \\$a2 vols (xiv-797 pages)$c24 cm
=490  \\$aAnalecta musicologica$v40
=504  \\$aIncludes bibliographical references (p. [349]-354).
=505  0\$a1. T. Abhandlung -- 2. T. Dokumente in Regestenform und Indizes.
=610  \0$aBasilica di S. Giovanni in Laterano (Rome, Italy)$91533
=648  \0$a17th Century (1601-1700)$1http://www.wikidata.org/entity/Q7016$920923
=650  \0$aChurch music$1http://www.wikidata.org/entity/Q8812109$92283
=651  \0$aItaly$1http://www.wikidata.org/entity/Q38$922
=942  \\$cBOO
=952  \\$00$10$2ddc$31. T. Abhandlung$40$6TOP_IT_ROM_5_000000000000000$70$8TOP$913270$aORPH$bORPH$cKTS0$d2020-07-08$eKoopman$oTOP IT.ROM 5$p20129465$r2021-01-12 00:00:00$w2021-01-12$yBOO$OKoopman
=952  \\$00$10$2ddc$32. T. Dokumente in Regestenform und Indizes$40$6TOP_IT_ROM_5_000000000000000$70$8TOP$913271$aORPH$bORPH$cKTS0$d2020-07-08$eKoopman$oTOP IT.ROM 5$p20129466$r2021-01-12 00:00:00$w2021-01-12$yBOO$OKoopman
=999  \\$d13290

