=LDR  01102aam a2200229   4500
=001  13292
=008  240408s1954\\\\||||||||\||||\00|\0ddut\d
=041  \\$adut
=100  \\$aWoerdeman, M. W.$4aut$915560
=245  \\$aHerdenking van Betje Wolff en Aagje Deken en Ere-promotie van Dirk Coster
=260  \\$aAmsterdam$bUniversiteit van Amsterdam$c1954
=600  \0$aWolff, Betje$d1738-1804$1http://www.wikidata.org/entity/Q183007$95119
=600  \0$aDeken, Aagje$d1741-1804$1http://www.wikidata.org/entity/Q255601$95922
=648  \0$a18th Century (1701-1800)$1http://www.wikidata.org/entity/Q7015$920899
=650  \0$aWriter$1http://www.wikidata.org/entity/Q36180$93885
=650  \0$aFemale$1http://www.wikidata.org/entity/Q6581072$921764
=651  \0$aNetherlands$1http://www.wikidata.org/entity/Q55$9173
=700  \\$aStuiveling, Garmt$d1907-1985$4aut$914295
=700  \\$aDonkersloot, N. A.$4aut$927218
=942  \\$cBOO
=952  \\$00$10$2ddc$40$6BIO_WOLF3_D$70$8BIO$913273$aORPH$bORPH$cKTS1_P$d2020-07-08$eKoopman$i33G36$l0$oBIO WOLF3 d$p20122672$r2021-01-12 00:00:00$w2021-01-12$yBOO$OKoopman
=999  \\$d13292

