=LDR  01120nam a2200241 a 4500
=001  13295
=005  20250121142130.0
=008  850510s1981\\\\ne\a\\\\\bc\\\000\0\eng\\
=020  \\$a9031303461
=040  \\$aOI
=041  \\$aeng
=100  \\$aWolf, Eugene K.$4aut$910529
=245  14$aThe Symphonies of Johann Stamitz:$bA Study in the Formation of the Classic Style with a Thematic Catalogue of the Symphonies and Orchestral Trios
=260  \\$aUtrecht$bBohn, Scheltema & Holkema$bNijhoff$aBoston$aHingham, MA$bKluwer$c1981
=300  \\$ax, 500 p. :$bill. ;$c26 cm.
=504  \\$aBibliography: p. [467]-475.
=600  \0$aStamitz, Johann$d1717-1757$1http://www.wikidata.org/entity/Q156033$96346
=648  \0$a18th Century (1701-1800)$1http://www.wikidata.org/entity/Q7015$920899
=942  \\$cBOO
=952  \\$00$10$2ddc$40$6BIO_STAM1_E$70$8BIO$913276$aORPH$bORPH$cKTS1_P$d2020-07-08$eKoopman$i32F36$l0$oBIO STAM1 e$p20123065$r2021-01-12 00:00:00$w2021-01-12$yBOO
=999  \\$c13295$d13295
=650  \0$aMusic history$1http://www.wikidata.org/entity/Q846047$921373
=650  \0$aSymphony$1http://www.wikidata.org/entity/Q9734$92527

