=LDR  00821aam a2200181   4500
=001  13296
=008  210315s1975\\\\be\g||||\||||\00|\0\ger\d
=020  \\$a3765102199
=041  \\$ager
=100  \\$aWolf, Johannes$d1869-1947$4aut$917542
=245  \\$aHandbuch der Notationskunde
=260  \\$aWiesbaden$bBreitkopf & Härtel$c1975
=300  \\$a2 volumes (488+519 pages)
=650  \0$aNotation$1http://www.wikidata.org/entity/Q233861$91964
=942  \\$cBOO
=952  \\$00$10$2ddc$3I$40$6MTP_1_000000000000000_WOLF$70$8MTP$913277$aORPH$bORPH$cKM12_1$d2020-07-08$eKoopman$i30A10_01$oMTP1 WOLF$p20123436$r2021-01-12 00:00:00$w2021-01-12$yBOO
=952  \\$00$10$2ddc$3II$40$6MTP_1_000000000000000_WOLF$70$8MTP$913278$aORPH$bORPH$cKM12_1$d2020-07-08$eKoopman$i30A10_02$oMTP1 WOLF$p20123435$r2021-01-12 00:00:00$w2021-01-12$yBOO
=999  \\$d13296

