=LDR  00398    a2200121   4500
=001  13298
=020  \\$a9783899480900
=100  \\$aWolf, Uwe$d-1961$99280
=245  \\$aGottfried August Homilius
=260  \\$c2009
=942  \\$cBOO
=952  \\$00$10$2ddc$40$6BIO_HOMI_D$70$8BIO$913279$aORPH$bORPH$cKTS1_P$d2020-07-08$eKoopman$i38E32$oBIO HOMI d$p20120368$r2021-01-12 00:00:00$w2021-01-12$yBOO$OKoopman
=999  \\$c13298$d13298

