=LDR  00368    a2200109   4500
=001  13301
=100  \\$aWölfer, E.$915569
=245  \\$aNaumburg und die Musikerfamilie Bach
=260  \\$c1992
=942  \\$cBOO
=952  \\$00$10$2ddc$40$6BIO_BACH0_D$70$8BIO$913282$aORPH$bORPH$cKTS1_P$d2020-07-08$eKoopman$i21C29$oBIO BACH0 d$p20128210$r2021-01-12 00:00:00$w2021-01-12$yBOO
=999  \\$c13301$d13301

