=LDR  00929aam a2200217   4500
=001  13302
=005  20250121142130.0
=008  231110s1954\\\\||||||||\||||\00|\p\dut\d
=041  \\$adut
=100  \\$aWolff, Betje$d1738-1804$4aut$1http://www.wikidata.org/entity/Q183007$95119
=245  \\$aDe menuet en de dominees pruik
=260  \\$aAmsterdam$aAntwerp$bWereldbibliotheek$c1954
=534  \\$aOriginally published in 1772
=648  \0$a18th Century (1701-1800)$1http://www.wikidata.org/entity/Q7015$920899
=650  \0$aPoetry$1http://www.wikidata.org/entity/Q482$93026
=650  \0$aSatire$1http://www.wikidata.org/entity/Q128758$921636
=651  \0$aNetherlands$1http://www.wikidata.org/entity/Q55$9173
=700  \\$aMinderaa, P.$4edt$926669
=942  \\$cBOO
=952  \\$00$10$2ddc$40$6LIT_WOLF_A$70$8LIT$913283$aORPH$bORPH$cKM12_2_H$d2020-07-08$eKoopman$i33E58$oLIT WOLF a$p20120932$r2021-01-12 00:00:00$w2021-01-12$yBOO
=999  \\$d13302

