=LDR  02224cam a22003014a 4500
=001  13303
=005  20250926134857.0
=008  050415s2005\\\\gw\ag\\\\b\\\\101\0\ger\c
=010  \\$a  2005421364
=016  7\$a97418456X$2GyFmDB
=020  \\$a348712856X (pbk.)
=035  \\$a(OCoLC)ocm59081099
=040  \\$aOHX$cOHX$dNOC$dRES$dDLC
=042  \\$apcc
=245  00$aMusik, Kunst und Wissenschaft im Zeitalter Johann Sebastian Bachs /$cherausgegeben von Ulrich Leisinger und Christoph Wolff.
=260  \\$aHildesheim ;$aNew York :$bOlms,$c2005.
=300  \\$a197 p. :$bill., music ;$c22 cm.
=505  0\$a"Newtons Geist" und die Grundlagen Bachscher Kompositionskunst / Christoph Wolff -- Schulhumanismus, pädagogischer Realismus und Neuhumanismus : Die Gelehrtenschule zur Zeit J.S. Bachs / Peter Lundgreen -- Johann Matthias Gesners aufgeklärte Pädagogik / Ulrich Schindel -- "Elektrisierte" Theologie : Johann Heinrich Winckler und die Elektrizität in Leipzig in der Mitte des 18. Jahrhunderts / Myles W. Jackson -- Weltalldichtung und Vollendung der Natur : Aspekte der Literaturtheorie der Bach-Zeit / Hans Joachim Kreutzer -- Die Kunst des Möglichen : Bach, Musiktheorie und musikalische Mannigfaltigkeit / Thomas Christensen -- Natur, Stil, Kunst : Bach aus der Sicht der zeitgenössischen Musikästhetik / Wilhelm Seidel -- Biedermann und Bach - Vordergründe und Hintergründe eines gelehrten Streites im 18. Jahrhundert / Ulrich Leisinger -- "Diese Wissenschaften sind mit ihm abgestorben..." : Über das Empirische bei Johann Sebastian Bach / Hans-Joachim Schulze.
=504  \\$aIncludes bibliographical references and indexes.
=600  \0$aBach, Johann Sebastian$d1685-1750$1http://www.wikidata.org/entity/Q1339$94766
=651  \0$aLeipzig (Germany)$1http://www.wikidata.org/entity/Q2079$945
=650  \0$aScience$921650
=700  \\$aLeisinger, Ulrich$99268
=700  \\$aWolff, Christoph$d1940-$1http://www.wikidata.org/entity/Q66488$910387
=942  \\$cBOO
=952  \\$00$10$40$6BIO_BACH1_E$70$8BIO$913284$aORPH$bORPH$cKTS1_P$d2020-07-08$eKoopman$i34B13$oBIO BACH1 e$p20122605$r2021-01-12 00:00:00$w2021-01-12$yBOO$OKoopman
=999  \\$c13303$d13303
=490  \\$aLeipziger Beiträge zur Bach-Forschung,$v7

