=LDR  00320    a2200097   4500
=001  13304
=245  \\$aBach und die Folgen
=260  \\$c1997
=942  \\$cBOO
=952  \\$00$10$40$6BIO_BACH1_E$70$8BIO$913285$aORPH$bORPH$cKTS1_P$d2020-07-08$eKoopman$i18B57$oBIO BACH1 e$p20127741$r2021-01-12 00:00:00$w2021-01-12$yBOO$OKoopman
=999  \\$c13304$d13304

