=LDR  00345    a2200109   4500
=001  13306
=020  \\$a310092584X
=245  \\$aJohann Sebastian Bach
=260  \\$c2000
=942  \\$cBOO
=952  \\$00$10$2ddc$40$6BIO_BACH1_D$70$8BIO$913287$aORPH$bORPH$cKTS1_P$d2020-07-08$eKoopman$i28D20$oBIO BACH1 d$p20123589$r2021-01-12 00:00:00$w2021-01-12$yBOO
=999  \\$c13306$d13306

