=LDR  02028aam a2200229   4500
=001  13308
=005  20250926134857.0
=008  230802s2006\\\\||||||||\||||\00|\0\ger\d
=020  \\$a9783899489996
=041  \\$ager
=245  \\$aDie Orgeln Johann Sebastian Bachs:$bEin Handbuch
=260  \\$c2006$bCarus
=300  \\$a188 pages
=520  \\$aEven during his lifetime, Johann Sebastian Bach achieved fame primarily as a harpsichord and organ virtuoso. At the age of 18, he took up his first position as organist in Arnstadt, followed by positions as organist in Mühlhausen and Weimar. In addition to this activity, Bach was an esteemed and sometimes well-paid organ inspector who is said to have minced no words in his expert opinions. From Lübeck to Karlsbad and from Mühlhausen to Dresden, he was entrusted with numerous organ appraisals. In the process, he collaborated with Gottfried Silbermann, among others. In this handbook, the renowned Bach researchers Christoph Wolff and Markus Zepf describe - supplemented by extensive pictorial material - all instruments that are demonstrably connected with Bach, as well as numerous reference instruments from Bach's immediate environment. The enclosed documents, such as Bach's organ appraisals or Silbermann's instructions for organ testing, round out this comprehensive handbook in terms of content. A most interesting volume for all organ and Bach friends. (translated by DeepL)
=600  \0$1http://www.wikidata.org/entity/Q1339$aBach, Johann Sebastian$d1685-1750$94766
=650  \0$1http://www.wikidata.org/entity/Q1444$aOrgan$92810
=650  \0$1http://www.wikidata.org/entity/Q846047$aMusic history$921373
=700  \\$1http://www.wikidata.org/entity/Q66488$4aut$aWolff, Christoph$d1940-$910387
=700  1\$1http://www.wikidata.org/entity/Q95247806$4aut$aZepf, Markus$d1972-$926426
=942  \\$cBOO
=952  \\$00$10$2ddc$40$6BIO_BACH1_C$70$8BIO$913289$aORPH$bORPH$cKTS1_P$d2020-07-08$eKoopman$i29D32$oBIO BACH1 c$p20121335$r2021-01-12 00:00:00$w2021-01-12$yBOO
=999  \\$d13308

