=LDR  01235pam a2200265 a 4500
=001  13309
=005  20250926134857.0
=008  900820s1991\\\\mauacgh\\b\\\\001\0deng\\
=020  \\$a0674059255 (alk. paper)
=040  \\$aOI
=041  \\$aeng
=100  \\$aWolff, Christoph$d1940-$4aut$1http://www.wikidata.org/entity/Q66488$910387
=245  10$aBach:$bEssays on His Life and Music
=260  \\$aCambridge, MA$bHarvard University Press$c1991
=300  \\$axiv-461 pages$btables, portraits, music, facsimiles$c26 cm
=504  \\$aIncludes bibliographical references (p. 399-436) and indexes.
=600  \0$aBach, Johann Sebastian$d1685-1750$1http://www.wikidata.org/entity/Q1339$94766
=648  \0$a18th Century (1701-1800)$1http://www.wikidata.org/entity/Q7015$920899
=650  \0$aComposer$1http://www.wikidata.org/entity/Q36834$93625
=650  \0$aBiography$1http://www.wikidata.org/entity/Q36279$91927
=650  \0$aMusic history$1http://www.wikidata.org/entity/Q846047$921373
=651  \0$aGermany$1http://www.wikidata.org/entity/Q183$9155
=942  \\$cBOO
=952  \\$00$10$2ddc$40$6BIO_BACH1_D$70$8BIO$913290$aORPH$bORPH$cKTS1_P$d2020-07-08$eKoopman$i31C01$oBIO BACH1 d$p20123280$r2021-01-12 00:00:00$w2021-01-12$yBOO
=999  \\$d13309

