=LDR  02386cam a22003854a 4500
=001  13313
=005  20250205110320.0
=008  120113s2012\\\\nyua\\\\\b\\\\001\0beng\\
=020  \\$a9780393050707 (hardcover)
=020  \\$a039305070X (hardcover)
=040  \\$aOI
=041  \\$aeng
=100  \\$aWolff, Christoph$d1940-$4aut$1http://www.wikidata.org/entity/Q66488$910387
=245  10$aMozart at the Gateway to his Fortune:$bServing the Emperor, 1788-1791
=250  \\$a1st ed.
=260  \\$aNew York$bNorton$c2012
=300  \\$axv-244 pages$billustrations$c22 cm
=504  \\$aIncludes bibliographical references (p. 221-227) and index.
=505  0\$gImperial appointments: Mozart and Salieri -- Explorations outside of Vienna -- Grand ambitions: expanding compositional horizons -- "Vera opera" and The Magic Flute -- "The higher pathetic style of church music" and the requiem -- "Composed just not yet written" -- music never to be heard.
=520  \\$aDescribes the composer's life after entering into the service of Emperor Joseph II of Austria, discussing the influence of imperial style on his major compositions from this time as well as unfamiliar, incomplete works.
=561  \\$aHandwritten dedication from the author: "For Tini [Mathot] and Ton [Koopman] affectionately"
=600  \0$aMozart, Wolfgang Amadeus$d1756-1791$1http://www.wikidata.org/entity/Q254$95341
=600  \0$aJoseph II$cHoly Roman Emperor$d1741-1790$1http://www.wikidata.org/entity/Q152480$927445
=648  \0$a18th Century (1701-1800)$1http://www.wikidata.org/entity/Q7015$920899
=650  \0$aComposer$1http://www.wikidata.org/entity/Q36834$93625
=650  \0$aBiography$1http://www.wikidata.org/entity/Q36279$91927
=650  \0$aComposing$1http://www.wikidata.org/entity/Q92186587$93076
=650  \0$aMusical style$1http://www.wikidata.org/entity/Q11921029$92421
=650  \0$aChamber music$1http://www.wikidata.org/entity/Q189201$92105
=650  \0$aOrchestral music$1http://www.wikidata.org/entity/Q3328774$924356
=650  \0$aChurch music$1http://www.wikidata.org/entity/Q8812109$92283
=651  \0$aVienna (Austria)$1http://www.wikidata.org/entity/Q1741$920937
=942  \\$cBOO
=952  \\$00$10$2ddc$40$6BIO_MOZA1_E$70$8BIO$913294$aORPH$bORPH$cKTS1_P$d2020-07-08$eKoopman$i47C19$l1$oBIO MOZA1 e$p20123733$r2024-08-20 00:00:00$s2024-06-13$w2021-01-12$yBOO$OKoopman
=999  \\$d13313

