=LDR  01472nam a2200301 a 4500
=001  13314
=005  20250926134857.0
=008  851121s1985\\\\gw\\\\\\\b\\\\001\0\ger\\
=020  \\$a3875371976 :$cDM65.00
=040  \\$aOI
=041  0\$ager
=100  \\$aWolff, Christoph$d1940-$1http://www.wikidata.org/entity/Q66488$4edt$910387
=245  00$aBach-Bibliographie.$bNachdruck der Verzeichnisse des Schrifttums über Johann Sebastian Bach (Bach-Jahrbuch 1905-1984)
=260  \\$aKassel$bMerseburger$c1985
=300  \\$a464 pages$c23 cm
=590  \\$amit einem Supplement und Register
=600  \0$aBach, Johann Sebastian$d1685-1750$1http://www.wikidata.org/entity/Q1339$94766
=648  \0$a18th Century (1701-1800)$1http://www.wikidata.org/entity/Q7015$920899
=648  \0$a19th Century (1801-1900)$1http://www.wikidata.org/entity/Q6955$920935
=648  \0$a20th Century (1901-2000)$1http://www.wikidata.org/entity/Q6927$920936
=650  \0$aComposer$1http://www.wikidata.org/entity/Q36834$93625
=650  \0$aMusic history$1http://www.wikidata.org/entity/Q846047$921373
=650  \0$aLegacy$1http://www.wikidata.org/entity/Q623282$922131
=650  \0$aBibliography$1http://www.wikidata.org/entity/Q134995$93965
=651  \0$aGermany$1http://www.wikidata.org/entity/Q183$9155
=942  \\$cBOO
=952  \\$00$10$2ddc$40$6BIO_BACH1_C$70$8BIO$913295$aORPH$bORPH$cKTS1_P$d2020-07-08$eKoopman$i47D15$oBIO BACH1 c$p20123699$r2021-01-12 00:00:00$w2021-01-12$yBOO
=999  \\$d13314

