=LDR  01227cam a22002774a 4500
=001  13315
=005  20250926134857.0
=008  991015s2000\\\\nyua\\\\\b\\\\001\0beng\\
=020  \\$a039304825X
=040  \\$aOI
=041  \\$aeng
=100  \\$aWolff, Christoph$d1940-$4aut$1http://www.wikidata.org/entity/Q66488$910387
=245  10$aJohann Sebastian Bach:$bThe Learned Musician
=250  \\$a1st ed.
=260  \\$aNew York$bNorton$c2000
=300  \\$axvii-599 pages$billustrations$c25 cm
=504  \\$aIncludes bibliographical references (p. [545]-554) and index.
=600  \0$aBach, Johann Sebastian$d1685-1750$1http://www.wikidata.org/entity/Q1339$94766
=648  \0$a17th Century (1601-1700)$1http://www.wikidata.org/entity/Q7016$920923
=648  \0$a18th Century (1701-1800)$1http://www.wikidata.org/entity/Q7015$920899
=650  \0$aComposer$1http://www.wikidata.org/entity/Q36834$93625
=650  \0$aBiography$1http://www.wikidata.org/entity/Q36279$91927
=651  \0$aGermany$1http://www.wikidata.org/entity/Q183$9155
=942  \\$cBOO
=952  \\$00$10$2ddc$40$6BIO_BACH1_D$70$8BIO$913296$aORPH$bORPH$cKTS1_P$d2020-07-08$eKoopman$l1$oBIO BACH1 d$p20130032$r2024-01-31 00:00:00$s2024-01-29$w2021-01-12$yBOO
=999  \\$d13315

