=LDR  01277nam a2200265 c 4500
=001  13316
=008  100417s1994\\\\xx\gl||\\||||\00|||\eng\d
=020  \\$a0198163614
=040  \\$aOI
=041  0\$aeng
=100  \\$aWolff, Christoph$d1940-$1http://www.wikidata.org/entity/Q66488$4aut$910387
=245  10$aMozart's Requiem:$bHistorical and Analytical Studies, Documents, Score
=260  \\$aOxford$bClarendon$c1994
=300  \\$axi-261 pages$bmusic examples
=600  \0$aMozart, Wolfgang Amadeus$d1756-1791$1http://www.wikidata.org/entity/Q254$tRequiem$bKV 626$95341
=648  \0$a18th Century (1701-1800)$1http://www.wikidata.org/entity/Q7015$920899
=650  \0$aRequiem$1http://www.wikidata.org/entity/Q51616$92858
=650  \0$aMusical analysis$1http://www.wikidata.org/entity/Q1544924$92775
=650  \0$aMusic history$1http://www.wikidata.org/entity/Q846047$921373
=651  \0$aVienna (Austria)$1http://www.wikidata.org/entity/Q1741$920937
=700  \\$aWhittall, Mary$4trl$940992
=765  \\$aMozarts Requiem. Geschichte - Musik - Dokumente - Partitur des Fragments
=942  \\$cBOO
=952  \\$00$10$2ddc$40$6BIO_MOZA1_E$70$8BIO$913297$aORPH$bORPH$cKTS1_P$d2020-07-08$eKoopman$i31A01$oBIO MOZA1 e$p20121172$r2021-01-12 00:00:00$w2021-01-12$yBOO$OKoopman
=999  \\$d13316

