=LDR  01410cam a2200313 a 4500
=001  13317
=003  OSt
=005  20250925143300.0
=008  811112s1981\\\\gw\afg\\\b\\\\001\0\ger\\
=015  \\$aGFR81-A
=020  \\$a3795903041
=040  \\$aOI
=041  \\$ager
=100  \\$aWolff, Hellmuth Christian$d1906-1988$4aut$1http://www.wikidata.org/entity/Q5708423$915573
=245  10$aGeschichte der komischen Oper:$bvon den Anfängen bis zur Gegenwart
=260  \\$aWilhelmshaven$bHeinrichshofen$c1981
=300  \\$a264 pages, 32 pages of plates$billustrations, music$c18 cm
=490  \\$aTaschenbücher zur Musikwissenschaft$v73
=504  \\$aBibliography: p. 245-252.
=648  \0$a17th Century (1601-1700)$1http://www.wikidata.org/entity/Q7016$920923
=648  \0$a18th Century (1701-1800)$1http://www.wikidata.org/entity/Q7015$920899
=648  \0$a19th Century (1801-1900)$1http://www.wikidata.org/entity/Q6955$920935
=648  \0$a20th Century (1901-2000)$1http://www.wikidata.org/entity/Q6927$920936
=650  \0$aOpera$1http://www.wikidata.org/entity/Q1344$92468
=650  \0$aComedy$1http://www.wikidata.org/entity/Q40831$921436
=650  \0$aMusic history$1http://www.wikidata.org/entity/Q846047$921373
=942  \\$cBOO
=952  \\$00$10$2ddc$40$6GEN_16_000000000000000$70$8GEN$913298$aORPH$bORPH$cKM12_1$d2020-07-08$eKoopman$oGEN16$p20128946$r2021-01-12 00:00:00$w2021-01-12$yBOO
=999  \\$d13317

