=LDR  01129aam a2200217   4500
=001  13318
=008  211224r19751937\\\g||||\||||\00|\0\ger\d
=041  \\$ager
=100  \\$aWolff, Hellmuth Christian$d1906-1988$4aut$1http://www.wikidata.org/entity/Q5708423$915573
=245  \\$aDie Venezianische Oper in der zweiten Hälfte des 17. Jahrhunderts:$bein Beitrag zur Geschichte der Musik und des Theaters im Zeitalter des Barock
=260  \\$aBologna$bForni$c1975
=490  \\$aBibliotheca Musica Bononiensis, Sezione III$v48
=534  \\$cBerlin: Elsner, 1937
=648  \0$a17th Century (1601-1700)$1http://www.wikidata.org/entity/Q7016$920923
=650  \0$aOpera$1http://www.wikidata.org/entity/Q1344$92468
=650  \0$aMusic history$1http://www.wikidata.org/entity/Q846047$921373
=650  \0$aTheater history$1http://www.wikidata.org/entity/Q1061140$94607
=651  \0$aVenice (Italy)$1http://www.wikidata.org/entity/Q641$91
=942  \\$cBOO
=952  \\$00$10$2ddc$40$6TOP_IT_VEN1_5_000000000000000$70$8TOP$913299$aORPH$bORPH$cKTS0$d2020-07-08$eKoopman$i25D09$oTOP IT.VEN1 5$p20129278$r2021-01-12 00:00:00$w2021-01-12$yBOO
=999  \\$d13318

