=LDR  04462aam a2200361   4500
=001  13320
=005  20251103124736.0
=008  211122i19951998||||||||\||||\00|\0ddut\d
=020  \\$a9068251562
=020  \\$a9068251619
=020  \\$a9065281627
=041  \\$adut
=100  \\$aWolff, Christoph$d1940-$4edt$1http://www.wikidata.org/entity/Q66488$910387
=245  \\$aDe wereld van de Bach cantates
=260  \\$aAbcoude$bUniepers$c1995$c1997$c1998
=505  \\$gVol. 1: De geestelijke cantates vóór Leipzig - repertoire en context / C. Wolff -- Genres en stijlen van de kerkmuziek rond 1700 / P. Wollny -- Stadia in Bachs leven en werk / A. Glöckner -- Aspecten van de uitvoeringspraktijk / T. Koopman -- Affect, retoriek en muzikale uitdrukking / U. Leisinger -- Cantatekoren en koralen / D. R. Melamed -- Het muziekleven in de steden en aan de hoven in Midden-Duitsland rond 1700 / C. Oefner -- Bijbel, gezangboek en eredienst / M. Petzoldt -- Liturgische en theologische aspecten / M. Petzoldt -- Bach - virtuoos en componist / H. J. Schulze -- Teksten en tekstdichters / H. J. Schulze -- De organist Bach / G. B. Stauffer -- Koor en instrumentarium / C. Wolff -- Cantate-aria's en -recitatieven / P. Wollny$gVol. 2: De wereldlijke cantates van Bach: repertoire en context / C. Wolff -- Opera en dramma per musica / A. Basso -- De Italiaanse wereldlijke cantate / M. Talbot -- Het muzikale leven aan het hof van Köthen / G. Hoppe -- Het mecenaat van Adeldom en burgerij in Leipzig / H. J. Schulze -- Muzikaal-literaire ontspanning voor burgerij en adel / U. Leisinger -- Dichters en hun gedichten voor Bachs wereldlijke cantates / H. J. Kreutzer -- Parodie: theorie en praktijk / H. J. Schulze -- Klassieke en nieuwe mythen in de wereldlijke cantates van Bach / Z. P. Ambrose -- Cantatevormen en cantatetypen / H. J. Schulze -- Het Leipziger Collegium musicum van Bach en wat daaraan voorafging / A. Glöckner -- Aspecten van de uitvoeringspraktijk / T. Koopman -- Koren, duetten en instrumentale delen / D. R. Melamed -- Solocantates en solodelen / P. Wollny$gVol. 3: De kerkcantates van Bach in Leipzig: repertoire en context / C. Wolff -- Geestelijke cantates van tijdgenoten van Bach / P. Wollny -- Het Thomascantoraat vóór Bach- over de traditie en geschiedenis vanaf de reformatie / A. Glöckner -- Liturgie en muziek in de hoofdkerken van Leipzig / M. Petzoldt -- Theologische aspecten van Bachs cantates uit Leipzig / M. Petzoldt -- Bach - cantor en kapelmeester / C. Wolff -- Teksten en tekstdichters / H. J. Schulze -- Samenstelling en organisatie van Bachs uitvoeringen / H. J. Schulze -- Recitatieven en aria's / S. A. Crist -- Koren / D. R. Melamed -- De sinfonia's / G. B. Stauffer -- Bachs koor en orkest / T. Koopman -- Koralen / C. Wolff -- Muzikale tekstuitleg - continuïteit en veranderingen / U. Leisinger
=600  \0$aBach, Johann Sebastian$d1685-1750$1http://www.wikidata.org/entity/Q1339$94766
=648  \0$a18th Century (1701-1800)$1http://www.wikidata.org/entity/Q7015$920899
=650  \0$aCantata$1http://www.wikidata.org/entity/Q174873$921603
=650  \0$aMusical analysis$1http://www.wikidata.org/entity/Q1544924$92775
=650  \0$aMusical interpretation$1http://www.wikidata.org/entity/Q1668139$94533
=650  \0$aLutheranism$1http://www.wikidata.org/entity/Q75809$923975
=651  \0$aArnstadt (Germany)$1http://www.wikidata.org/entity/Q490665$922739
=651  \0$aWeimar (Germany)$1http://www.wikidata.org/entity/Q3955$921645
=651  \0$aKöthen (Germany)$1http://www.wikidata.org/entity/Q1796771$923000
=651  \0$aLeipzig (Germany)$1http://www.wikidata.org/entity/Q2079$945
=700  \\$4win$4ctb$aKoopman, Ton$d1944-$1http://www.wikidata.org/entity/Q445121$910491
=942  \\$cBOO
=952  \\$00$10$2ddc$33 vols. in 1$40$6BIO_BACH1_E$70$8BIO$913292$aORPH$bORPH$cKTS1_P$d2020-07-08$eKoopman$i32C02$oBIO BACH1 e$p20122918$r2021-01-12 00:00:00$w2021-01-12$yBOO
=952  \\$00$10$2ddc$3Deel 1$40$6BIO_BACH1_E$70$8BIO$913301$aORPH$bORPH$cKTS1_P$d2020-07-08$eKoopman$i33A02_01$oBIO BACH1 e$p20123056$r2021-01-12 00:00:00$w2021-01-12$yBOO
=952  \\$00$10$2ddc$3Deel 2$40$6BIO_BACH1_E$70$8BIO$913302$aORPH$bORPH$cKTS1_P$d2020-07-08$eKoopman$i33A02_02$oBIO BACH1 e$p20123055$r2021-01-12 00:00:00$w2021-01-12$yBOO
=952  \\$00$10$2ddc$3Deel 3$40$6BIO_BACH1_E$70$8BIO$913303$aORPH$bORPH$cKTS1_P$d2020-07-08$eKoopman$i33A02_03$oBIO BACH1 e$p20123054$r2021-01-12 00:00:00$w2021-01-12$yBOO
=999  \\$d13320

