=LDR  01317cam a2200265 a 4500
=001  13323
=005  20251003085459.0
=008  120706s2012\\\\gw\ag\\\\bc\\\001\0\ger\d
=020  \\$a9783899481556
=041  0\$ager$aeng
=100  \\$aWollny, Peter$d1961-$4aut$1http://www.wikidata.org/entity/Q95339065$915578
=245  10$aWilhelm Friedemann Bach:$bThematisch-systematisches Verzeichnis der musikalischen Werke (BR-WFB)
=260  \\$aStuttgart$bCarus$c2012
=300  \\$a344 pages$billustrations, music$c27 cm
=490  1\$aBach-Repertorium. Werkverzeichnisse zur Musikerfamlie Bach$v2
=504  \\$aIncludes bibliographical references and indexes.
=600  \0$aBach, Wilhelm Friedemann$d1710-1784$1http://www.wikidata.org/entity/Q107277$99331
=648  \0$a18th Century (1701-1800)$1http://www.wikidata.org/entity/Q7015$920899
=650  \0$aComposer$1http://www.wikidata.org/entity/Q36834$93625
=650  \0$aCatalogue$1http://www.wikidata.org/entity/Q2352616$921484
=651  \0$aGermany$1http://www.wikidata.org/entity/Q183$9155
=700  \\$aWolff, Christoph$d1940-$4win$1http://www.wikidata.org/entity/Q66488$910387
=942  \\$cBOO
=952  \\$00$10$2ddc$40$6BIO_BACH12_C$70$8BIO$913304$aORPH$bORPH$cKTS1_P$d2020-07-08$eKoopman$i45B07$oBIO BACH12 c$p20127404$r2021-01-12 00:00:00$w2021-01-12$yBOO
=999  \\$d13323

