=LDR  05415cam a2200313 i 4500
=001  13324
=008  170210s2016\\\\\\\agd\\\b\\\\001\0\ger\d
=041  \\$ager
=100  \\$aWollny, Peter$d1961-$4aut$1http://www.wikidata.org/entity/Q95339065$915578
=245  10$aStudien zum Stilwandel in der protestantischen Figuralmusik des mittleren 17. Jahrhunderts
=260  \\$aBeeskow$bOrtus$c2016
=300  \\$aviii-507 pages$billustrations, music$c25 cm
=490  1\$aForum mitteldeutsche Barockmusik$v5
=500  \\$amanuscript dedication of the author to Tom Koopman on the title page
=504  \\$aIncludes bibliographical references and index.
=505  00$gVorwort -- Die Mitte des 17. Jahrhunderts als historische Zäsur in der protestantischen Kirchenmusik -- Standpunkte und Fragen -- Hintergrund : Geistliche Vokalmusik in deutschen Drucken zwischen 1600 und 1670 -- Kontinuität und Wandel : die Situation in Deutschland zwischen 1600 und ca. 1640 -- Die Reorganisation des protestantischen Musiklebens um 1640-1655 -- Die handschriftlichen Quellen : Höfische und städtische Sammlungen und Inventare um 1650-1680 -- Neuanfänge um 1650 : die Sammlung Kassel -- Wiedergewonnene Internationalität : das Inventar Weimar -- Die Sammlung Düben als Spiegel der mittel- und norddeutschen Musikpflege -- Der Komplex der frühen römischen Handschriften -- Die Handschriften der Danziger Quellengruppe -- Die Tabulaturbände VMHS 79 und 81 -- Die mitteldeutschen Handschriften -- Die Sammlung "Assieg" -- Regionalität und überregionalität : das Inventar Naumburg -- Retrospektive Tendenzen : die Sammelhandschrift Liebig und andere mitteldeutsche Anthologien -- Repräsentative Festmusiken : die Sammlung Koch -- Ältere Kernbestände in der Sammlung Grimma -- Quellen aus der Amtszeit Tobias Petermanns (1669-1680) -- Die Handschriften mit römischen Ziffern -- Quellen aus der Amtszeit Samuel Jacobis (1680-1721) -- Die Sammlung Erfurt -- Städtische und akademische Musikpflege : Rekonstruktion eines Leipziger Repertoires -- Der Neubeginn von 1640-1655 : Venezianische Vorbilder -- Heinrich Schütz und der konzertierende Stil -- Johann Rosenmüller in Leipzig -- Werkbestand, Chronologie und Funktion -- Zwei traditionelle Evangeliendialoge : "Es waren Hirten auf dem Felde" und "Es gingen zween Menschen" -- Text- und Stilmischungen in dem Weihnachtsdialog "Nihil novum sub sole" -- Madrigalismen und der Einfluss Claudio Monteverdis -- Zur Bedeutung der Kernsprüche -- Weltliche Züge in drei grossen Festmusiken -- "In stylo oratorio" : das Konzert "Ach, Herr, strafe mich nicht" -- Vorbild und Nachahmung : der Dialog "Christus ist mein Leben" -- Der venezianische Konzertstil in Frankfurt, Danzig und Königsberg -- Johann Andreas Herbst -- Crato Bütner -- Martin Jan -- Der Stilwandel um 1655-1670 : der Einfluss der römischen Schule -- Die Carissimi-Rezeption bei Vincenzo Albrici und Giuseppe Peranda in Dresden -- "Hymnum jucunditatis" -- "Dedit abyssus vocem suam" -- Der neue Ton : "Courantische" Rhythmen in städtischen und höfischen Festkonzerten -- Johann Ernst Eulenhaupt -- Caspar Förster -- Johann Erasmus Kindermann -- Werner Fabricius -- Innovation und Integration : Sebastian Knüpfer -- Werkbestand, überlieferung und Chronologie -- "Quemadmodum desiderat cervus" -- "Der Segen des Herren machet reich" -- Satztechnische Strenge im Spätwerk -- Der stile antico als neue Errungenschaft -- Christoph Bernhard, Johann Theile, Johann Philipp Krieger und die deutsche Palestrina-Rezeption -- Johann Theile (?), Missa in G -- Sebastian Knüpfer, "Mein Gott, betrübt ist meine Seele" -- Aneignungen : Parodie, Imitatio und Aemulatio -- Kompositionen von Monteverdi und Grandi als Parodievorlagen für Schütz und Rosenmüller -- Eine vokal-instrumentale Fassung von Giovanni Antonio Rigattis Solomotette "Jubilate gaudete" in der Sammlung Erfurt -- Der Dialog "Congregantes Philistaei" in Vertonungen von Mario Savioni und Caspar Förster -- Finatti : Albrici : Ritter : Drei Vertonungen von "O amantissime sponse" -- Die Solomotetten von Bonifazio Graziani und ihre Bedeutung für die Entwicklung des konzertanten Kirchenstils in Deutschland um 1670 -- Alessandro Poglietti -- Johann Philipp Krieger -- Dietrich Buxtehude -- Anhang -- Geistliche Vokalmusik in deutschen Drucken zwischen 1600 und 1670 -- Literatur -- Namen- und Werkregister (Teil l-V).
=600  \0$aSchütz, Heinrich$d1585-1672$1http://www.wikidata.org/entity/Q153643$97240
=600  \0$aBuxtehude, Dietrich$d1637-1707$1http://www.wikidata.org/entity/Q153637$910062
=600  \0$aRosenmüller, Johann$dc. 1619-1684$1http://www.wikidata.org/entity/Q372593$910693
=600  \0$aTheile, Johann$d1646-1724$1http://www.wikidata.org/entity/Q686557$914380
=648  \0$a17th Century (1601-1700)$1http://www.wikidata.org/entity/Q7016$920923
=650  \0$aChurch music$1http://www.wikidata.org/entity/Q8812109$92283
=650  \0$aProtestantism$1http://www.wikidata.org/entity/Q23540$921012
=650  \0$aMusic history$1http://www.wikidata.org/entity/Q846047$921373
=650  \0$aMusical style$1http://www.wikidata.org/entity/Q11921029$92421
=651  \0$aGermany$1http://www.wikidata.org/entity/Q183$9155
=942  \\$cBOO
=952  \\$00$10$2ddc$40$6TOP_DE_5_000000000000000$70$8TOP$913305$aORPH$bORPH$cKTS0$d2020-07-08$eKoopman$i47F24$l0$oTOP DE 5$p20123786$r2021-01-12 00:00:00$w2021-01-12$yBOO$OKoopman
=999  \\$d13324

