=LDR  01172pam a2200265 a 4500
=001  13325
=008  830831s1984\\\\enka\\\\\b\\\\001\0\eng\\
=020  \\$a0521242924
=041  \\$aeng
=100  \\$aWoodfield, Ian$915579
=245  14$aThe Early History of the Viol
=260  \\$aCambridge $aNew York $bCambridge University Press$c1984
=300  \\$axiii, 266 pages$bill. $c26 cm
=490  \\$aCambridge Musical Texts and Monographs
=504  \\$aBibliography: p. 251-256.
=650  \0$aViol$1http://www.wikidata.org/entity/Q40125$94621
=650  \0$aMusic history$1http://www.wikidata.org/entity/Q846047$921373
=700  \\$aBrown, Howard Mayer$d1930-1993$4edt$918996
=700  \\$aLe Huray, Peter$4edt$911766
=700  \\$aStevens, John$4edt$920758
=856  \\$uhttp://www.loc.gov/catdir/enhancements/fy0642/83018876-d.html$3Publisher description
=856  \\$uhttp://www.loc.gov/catdir/enhancements/fy0642/83018876-t.html$3Table of contents only
=942  \\$cBOO
=952  \\$00$10$2ddc$40$6INS_4_000000000000000_5A_WOOD$70$8INS$913306$aORPH$bORPH$cKTS0$d2020-07-08$eKoopman$i21E09$l0$oINS4.5a  WOOD$p20125419$r2021-01-12 00:00:00$w2021-01-12$yBOO$OKoopman
=999  \\$d13325

