=LDR  01559pam a2200313 a 4500
=001  13326
=008  941128s1995\\\\nyua\\\\\b\\\\001\0\eng\\
=041  \\$aeng
=100  \\$aWoodfield, Ian$4aut$915579
=245  00$aEnglish Musicians in the Age of Exploration
=260  \\$aStuyvesant, NY$bPendragon$c1995
=300  \\$axvii-310 pages
=490  \\$aSociology of Music$v8
=504  \\$aIncludes index and bibliographical references.
=648  \0$a16th Century (1501-1600)$1http://www.wikidata.org/entity/Q7017$920944
=648  \0$a17th Century (1601-1700)$1http://www.wikidata.org/entity/Q7016$920923
=648  \0$a18th Century (1701-1800)$1http://www.wikidata.org/entity/Q7015$920899
=650  \0$aMusician$1http://www.wikidata.org/entity/Q639669$93574
=650  \0$aTravel$1http://www.wikidata.org/entity/Q61509$94440
=650  \0$aWar$1http://www.wikidata.org/entity/Q198$92928
=650  \0$aDiscovery$1http://www.wikidata.org/entity/Q6502154$1http://www.wikidata.org/entity/Q12772819$927718
=650  \0$aEnglish$1http://www.wikidata.org/entity/Q1860$92138
=650  \0$aColonization$1http://www.wikidata.org/entity/Q815962$941176
=651  \0$aUnited Kingdom$1http://www.wikidata.org/entity/Q21$9273
=651  \0$aSouth America$1http://www.wikidata.org/entity/Q18$922373
=651  \0$aIndia$1http://www.wikidata.org/entity/Q668$922078
=942  \\$cBOO
=952  \\$00$10$2ddc$40$6TOP_GB_4_000000000000000$70$8TOP$913307$aORPH$bORPH$cKTS0$d2020-07-08$eKoopman$i41A31$l0$oTOP GB 4$p20120184$r2021-01-12 00:00:00$w2021-01-12$yBOO$OKoopman
=999  \\$d13326

