=LDR  00390    a2200121   4500
=001  13328
=020  \\$a9789040082856
=100  \\$aWoollett, A. T.$915581
=245  \\$aRubens & Brueghel
=260  \\$c2006
=942  \\$cBOO
=952  \\$00$10$2ddc$40$6BIO_RUBE_E$70$8BIO$913309$aORPH$bORPH$cKTS1_P$d2020-07-08$eKoopman$i41E21$oBIO RUBE e$p20122091$r2021-01-12 00:00:00$w2021-01-12$yBOO$OKoopman
=999  \\$c13328$d13328

