=LDR  00889aam a2200205   4500
=001  13331
=005  20250925143300.0
=008  250219r19631966||||||||\||||\001\0|ger\d
=041  \\$ager
=100  \\$aWulf, Joseph$d1912-1974$1http://www.wikidata.org/entity/Q91507$915584$4aut
=245  \\$aMusik im Dritten Reich.$bEine Dokumentation
=260  \\$c1963$bRowohlt
=300  \\$a503 pages
=648  \0$a20th Century (1901-2000)$1http://www.wikidata.org/entity/Q6927$920936
=650  \0$aNational socialism$1http://www.wikidata.org/entity/Q7310$94563
=650  \0$aMusic history$1http://www.wikidata.org/entity/Q846047$921373
=651  \0$aGermany$1http://www.wikidata.org/entity/Q183$9155
=942  \\$cBOO
=952  \\$00$10$2ddc$40$6TOP_DE_7_000000000000000$70$8TOP$913312$aORPH$bORPH$cKTS0$d2020-07-08$eKoopman$i22B11$l0$oTOP DE 7$p20125650$r2021-01-12 00:00:00$w2021-01-12$yBOO$OKoopman
=999  \\$d13331

