=LDR  01255    a2200229   4500
=001  13332
=008  211207s1967\\\\\\\|||||\||||\00|\0bger\d
=041  \\$ager
=100  \\$aWulfhorst, Ulrich$4aut$915585
=245  \\$aDer westfälische Orgelbauer Johann Patroclus Möller 1698-1772
=260  \\$aKassel$bBärenreiter$c1967
=300  \\$a2 voll (194+94)
=600  \0$aMöller, Johann Patroclus$d1698-1772$1http://www.wikidata.org/entity/Q1668004$923236
=648  \0$a18th Century (1701-1800)$1http://www.wikidata.org/entity/Q7015$920899
=650  \0$aOrgan$1http://www.wikidata.org/entity/Q1444$92810
=650  \0$aOrganology$1http://www.wikidata.org/entity/Q899293$921400
=650  \0$aBiography$1http://www.wikidata.org/entity/Q36279$91927
=651  \0$aWestphalia (Germany)$1http://www.wikidata.org/entity/Q8614$923235
=942  \\$cBOO
=952  \\$00$10$2ddc$3Teil 1: Leben und Werk$40$6INS_3_000000000000000_1B_MÖLL$70$8INS$913313$aORPH$bORPH$cKTS0$d2020-07-08$eKoopman$i24G66$oINS3.1b MÖLL$p20129290$r2021-01-12 00:00:00$w2021-01-12$yBOO
=952  \\$00$10$2ddc$3Teil 2: Die Quellen$40$6INS_3_000000000000000_1B_MÖLL$70$8INS$913314$aORPH$bORPH$cKTS0$d2020-07-08$eKoopman$i24G66$oINS3.1b MÖLL$p20129289$r2021-01-12 00:00:00$w2021-01-12$yBOO
=999  \\$d13332

