=LDR  00961    a2200217   4500
=001  13334
=008  220413s1977\\\\gw\f||||\||||\00|\0\ger\d
=041  \\$ager
=100  \\$aWunderlich, Heinz$4aut$915586
=245  \\$aDas Kleine Orgelbuch der Hauptkirche St. Jacobi, Hamburg
=260  \\$c1977$aHamburg$bSt. Jacobi Hamburg
=300  \\$a32 pages
=336  \\$aprinted
=500  \\$aIt includes a postcard and a loose sheet about the Organ
=610  \0$aHauptkirche St. Jacobi (Hamburg, Germany)$1http://www.wikidata.org/entity/Q564532$923918
=650  \0$aOrgan$1http://www.wikidata.org/entity/Q1444$92810
=650  \0$aOrganology$1http://www.wikidata.org/entity/Q899293$921400
=651  \0$aHamburg (Germany)$1http://www.wikidata.org/entity/Q1055$921940
=942  \\$cBOO
=952  \\$00$10$2ddc$40$6INS_3_000000000000000_1E_DE_HAM$70$8INS$913315$aORPH$bORPH$cKTS0$d2020-07-08$eKoopman$i24C41$oINS3.1e DE.HAM$p20128986$r2021-01-12 00:00:00$w2021-01-12$yBOO
=999  \\$d13334

