=LDR  00956cam a22002414a 4500
=001  13336
=005  20250120120040.0
=008  020208s2001\\\\gw\a\\\\\b\\\\000\0bger\c
=010  \\$a  2003397840
=020  \\$a3546002482
=035  \\$a(OCoLC)ocm48966445
=040  \\$aCOO$cCOO$dDLC
=042  \\$apcc
=100  \\$aWunnicke, Christine$d-1966$915588
=245  14$aDie Nachtigall des Zaren :$bdas Leben des Kastraten Filippo Balatri /$cChristine Wunnicke.
=260  \\$aMünchen :$bClaassen,$cc2001.
=300  \\$a259 p. :$bill. ;$c22 cm.
=504  \\$aIncludes bibliographical references (p. 253-257).
=600  \0$aBalatri, Filippo$d1672-1756$1http://www.wikidata.org/entity/Q28599881$915589
=650  \0$aCastrato$1http://www.wikidata.org/entity/Q210970$92704
=942  \\$cBOO
=952  \\$00$10$2ddc$40$6BIO_BALA1_D$70$8BIO$913317$aORPH$bORPH$cKTS1_P$d2020-07-08$eKoopman$i31E14$oBIO BALA1 d$p20123218$r2021-01-12 00:00:00$w2021-01-12$yBOO
=999  \\$c13336$d13336

