=LDR  03788cam a2200445 a 4500
=001  13337
=008  851023s1984\\\\gw\ag\\\\b\\\\100\0\ger\|
=041  \\$ager
=100  \\$aWürtz, Roland$d1939-$1http://www.wikidata.org/entity/Q95217924$4edt$914743
=245  10$aMannheim und Italien:$bzur Vorgeschichte der Mannheimer 
=260  \\$aMainz$aNew York$bSchott$c1984
=300  \\$a243 pages
=490  \\$aBeiträge zur mittelrheinischen Musikgeschichte$v25
=504  \\$aIncludes bibliographical references.
=505  \\$aMannheim und Italien - 80 Jahre Musikforschung zur Vorgeschichte der Mannheimer / R. Würtz -- Ignaz Holzbauer als Messenkomponist / K. Altmann -- Italienische und französische Musik, wie sie 1778, als Mozart in Paris weilte, diskutiert wurde. Beloselskys "De la musique en Italie" / R. Angermüller -- Opera seria am kurpfälzischen Hofe. Traettas "Sofonisba", de Majos "Ifigenia in Tauride", Bachs "Temistocle" / S. Henze -- Die Mannheimer Operntextsammlung / W. Herrmann -- "Mannheimer Stilmerkmale" bei Jommelli / W. Hochstein -- Aufkündigung einer Gattungstradition. Das Metastasianische Drama, Wielands Singspielkonzept und die deutsche Oper "Günther von Schwarzburg" / H. Lühning -- Jommelis Opernsinfonien der 1750er Jahre und ihre Beziehung zum Mannheimer Stil / M. P. McClymonds -- Italienische Merkmale in der Mannheimer Violintechnik / E. Melkus -- Die Familie Grua - italienische Musiker in kurpfälzischen Diensten / K. H. Nagel -- Die Beziehungen zwischen den Häusern Pfalz-Neuburg und Habsburg auf dem Gebiet des Musidramas vor und um 1700 / H. Seifert -- Zum Gebrauch des Crescendos in der italienischen Oper im 1750 (Baldassare Galuppi) / R. Wiesend -- Zur Entstehungsgeschichte des Mannheimer sinfonischen Stiles / E. K. Wolf
=590  \\$aBericht über das Mannheimer Kolloquium im März 1982. Im Auftrag der Mozartgemeinde Kurpfalz e. V. herausgegeben von Roland Würtz.
=600  \0$aGaluppi, Baldassare$d1706-1785$1http://www.wikidata.org/entity/Q208338$95847
=600  \0$aHolzbauer, Ignaz$d1711-1783$1http://www.wikidata.org/entity/Q697238$911657
=600  \0$aJommelli, Niccolò$d1714-1774$1http://www.wikidata.org/entity/Q312891$94785
=600  \0$aTraetta, Tommaso$d1727-1779$1http://www.wikidata.org/entity/Q266084$98183
=600  \0$aBach, Johann Christian$d1735-1782$1http://www.wikidata.org/entity/Q106641$914631
=600  \0$aMajo, Gian Francesco de$d1732-1770$1http://www.wikidata.org/entity/Q721351$97983
=600  \0$aWieland, Christoph Martin$d1733-1813$1http://www.wikidata.org/entity/Q154010$98381
=610  \0$aGrua family$1http://www.wikidata.org/entity/Q99981384$923228
=648  \0$a18th Century (1701-1800)$1http://www.wikidata.org/entity/Q7015$920899
=650  \0$aOpera$1http://www.wikidata.org/entity/Q1344$92468
=650  \0$aInfluence$1http://www.wikidata.org/entity/Q1307337$922289
=650  \0$aMass$1http://www.wikidata.org/entity/Q217295$92735
=650  \0$aChurch music$1http://www.wikidata.org/entity/Q8812109$92283
=650  \0$aLibretto$1http://www.wikidata.org/entity/Q131084$94031
=650  \0$aSingspiel$1http://www.wikidata.org/entity/Q377258$921709
=650  \0$aSymphony$1http://www.wikidata.org/entity/Q9734$92527
=650  \0$aViolin$1http://www.wikidata.org/entity/Q8355$92783
=650  \0$aCourt$1http://www.wikidata.org/entity/Q1134237$922191
=650  \0$aMannheim School$1http://www.wikidata.org/entity/Q275647$940111
=651  \0$aMannheim (Germany)$1http://www.wikidata.org/entity/Q2119$9218
=651  \0$aItaly$1http://www.wikidata.org/entity/Q38$922
=942  \\$cBOO
=952  \\$00$10$2ddc$40$6TOP_DE_MAN_5_000000000000000$70$8TOP$913318$aORPH$bORPH$cKTS0$d2020-07-08$eKoopman$i20C39$oTOP DE.MAN 5$p20128074$r2021-01-12 00:00:00$w2021-01-12$yBOO
=999  \\$d13337

