=LDR  01102cam a2200241 a 4500
=001  13339
=005  20250120120010.0
=008  930920s1993\\\\ne\a\\\\\bc\\\001\0\dut\\
=020  \\$a9066304111
=020  \\$a906630264X (museumeditie : pbk.)
=040  \\$aOI
=100  \\$4edt$aWüstefeld, Wilhelmina C. M.$d-1953$915591
=245  10$aMiddeleeuwse boeken van het Catharijneconvent
=260  \\$aZwolle$bWaanders$aUtrecht$bRijksmuseum Het Catharijneconvent$c1993
=300  \\$a248 pages$bill. (some col.)$c29 cm
=504  \\$aIncludes bibliographical references (p. 229-237) and indexes.
=610  \0$aMuseum Catharijneconvent (Utrecht, Netherlands)$1http://www.wikidata.org/entity/Q1954426$91280
=650  \0$aManuscript$1http://www.wikidata.org/entity/Q87167$92275
=650  \0$aBook$1http://www.wikidata.org/entity/Q571$92285
=651  \0$aNetherlands$1http://www.wikidata.org/entity/Q55$9173
=942  \\$cBOO
=952  \\$00$10$2ddc$40$6BIB_4_000000000000000_NL_UTR_3$70$8BIB$913320$aORPH$bORPH$cKTS0$d2020-07-08$eKoopman$i41C25$oBIB4 NL.UTR 3$p20122160$r2021-01-12 00:00:00$w2021-01-12$yBOO
=999  \\$d13339

