=LDR  01288nam a2200277 a 4500
=001  13340
=003  OI
=005  20251003153523.0
=008  900419s1989\\\\ne\a\\\\\b\\\\001\0\dut\\
=020  \\$a9070403250
=040  \\$aOI
=041  \\$adut
=100  1\$aWüstefeld, Wilhelmina C. M.,$d1953-$4aut
=245  13$aDe boeken van de Grote of Sint Bavokerk:$been bijdrage tot de geschiedenis van het middeleeuwse boek in Haarlem
=260  \\$aHilversum$bVerloren$aS.l.$bHistorische Vereniging Holland$c1989
=300  \\$a152 pages$billustrations$c26 cm
=490  0\$aHollandse studiën$v24
=504  \\$aIncludes bibliographical references (p. 136-139) and index.
=610  \0$aGrote of Sint-Bavokerk (Haarlem, Netherlands)$1http://www.wikidata.org/entity/Q1545193$925357
=648  \0$aMiddle Ages (500-1400)$1http://www.wikidata.org/entity/Q12554$920964
=650  \0$aManuscript$1http://www.wikidata.org/entity/Q87167$92275
=650  \0$aBook$1http://www.wikidata.org/entity/Q571$92285
=651  \0$aHaarlem (Netherlands)$1http://www.wikidata.org/entity/Q9920$921584
=942  \\$cBOO
=952  \\$00$10$2ddc$40$6BIO_BIB4_NL_HAA_3_000000000000000$70$8BIO$913321$aORPH$bORPH$cKTS1_P$d2020-07-08$eKoopman$i41C26$oBIO-->BIB4 NL.HAA 3$p20122159$r2021-01-12 00:00:00$w2021-01-12$yBOO
=999  \\$d13340

