=LDR  01584cam a2200325 a 4500
=001  13341
=005  20250926134857.0
=008  120913s1989\\\\gw\gh\\\\b\\\\000\0\ger\d
=010  \\$a  2012495119
=020  \\$a3795205786
=020  \\$a9783795205782
=040  \\$aOI
=041  \\$ager
=100  \\$aWutta, Eva Renate$4aut$926764
=245  10$aQuellen der Bach-Tradition in der Berliner Amalien-Bibliothek,$cmit zahlreichen Abbildungen von Handschriften nebst Briefen der Anna Amalia von Preußen (1723-1787)
=260  \\$aTutzing$bSchneider$c1989
=300  \\$a321 pages$bfacsimiles, music$c28 cm
=500  \\$a"Ausgewählte Schriftproben": p. 73-321.
=504  \\$aIncludes bibliographical references (p. 55-58).
=600  \0$aAnna Amalia von Preußen$cPrincess$d1723-1787$1http://www.wikidata.org/entity/Q237754$926759
=600  \0$aBach, Johann Sebastian$d1685-1750$1http://www.wikidata.org/entity/Q1339$94766
=610  \0$aHerzogin Anna Amalia Bibliothek (Weimar, Germany)$1http://www.wikidata.org/entity/Q50711$91573
=648  \0$a18th Century (1701-1800)$1http://www.wikidata.org/entity/Q7015$920899
=650  \0$aLibrary$1http://www.wikidata.org/entity/Q7075$94229
=650  \0$aNobility$1http://www.wikidata.org/entity/Q134737$93602
=650  \0$aPatronage$1http://www.wikidata.org/entity/Q214092$94245
=651  \0$aBerlin (Germany)$1http://www.wikidata.org/entity/Q64$948
=942  \\$cBOO
=952  \\$00$10$2ddc$40$6BIO_BACH1_B$70$8BIO$913322$aORPH$bORPH$cKTS1_P$d2020-07-08$eKoopman$i43A18$oBIO BACH1 b$p20127263$r2021-01-12 00:00:00$w2021-01-12$yBOO
=999  \\$d13341

