=LDR  01256nam a2200277 a 4500
=001  13348
=005  20251003085459.0
=008  000710s1997\\\\xx\\\\\|r\\\\|000\||ger|d
=020  \\$a3854740131
=040  \\$aOI
=041  1\$ager$aeng
=100  \\$aYoung, Phillip Taylor$d1926-2002$4aut$924143
=245  14$aDie Holzblasinstrumente im Oberösterreichischen Landesmuseum
=246  11$aWoodwind instruments of the Oberösterreichisches Landesmuseum
=260  \\$aLinz$bOberösterreichisches Landesmuseum$c1997
=300  \\$a259 pages$billustrations
=490  0\$aKataloge des Oberöstereichischen Landesmuseums$v117
=610  \0$aOberösterreichische Landesmuseen (Linz, Austria)$1http://www.wikidata.org/entity/Q2011578$924144
=650  \0$aWind instrument$1http://www.wikidata.org/entity/Q173453$94615
=650  \0$aOrganology$1http://www.wikidata.org/entity/Q899293$921400
=650  \0$aCatalogue$1http://www.wikidata.org/entity/Q2352616$921484
=651  \0$aLinz (Austria)$1http://www.wikidata.org/entity/Q41329$924145
=700  \\$aHumer, August$4trl$922364
=942  \\$cBOO
=952  \\$00$10$2ddc$40$6INS_6A_AT_LIN$70$8INS$913329$aORPH$bORPH$cKTS0$d2020-07-08$eKoopman$i28E34$oINS6a AT.LIN$p20121400$r2021-01-12 00:00:00$w2021-01-12$yBOO
=999  \\$d13348

