=LDR  01101    a2200253   4500
=001  13349
=008  210924t1980\\\\-cnfo|||\||||\00|\0\eng\d
=020  \\$a0919253016
=041  \\$aeng
=100  \\$aYoung, Phillip T.$4aut$915604
=245  \\$aThe Look of Music
=260  \\$c1980$aVancouver$bVancouver Museums
=300  \\$a240 pages
=561  \\$aEx Libris Ton Koopman
=648  \0$a15th Century (1401-1500)$1http://www.wikidata.org/entity/Q7018$921015
=648  \0$a16th Century (1501-1600)$1http://www.wikidata.org/entity/Q7017$920944
=648  \0$a17th Century (1601-1700)$1http://www.wikidata.org/entity/Q7016$920923
=648  \0$a18th Century (1701-1800)$1http://www.wikidata.org/entity/Q7015$920899
=648  \0$a19th Century (1801-1900)$1http://www.wikidata.org/entity/Q6955$920935
=650  \0$aOrganology$1http://www.wikidata.org/entity/Q899293$921400
=651  \0$aEurope$1http://www.wikidata.org/entity/Q46$991
=942  \\$cBOO
=952  \\$00$10$2ddc$40$6INS_1A$70$8INS$913330$aORPH$bORPH$cKTS0$d2020-07-08$eKoopman$i18B34$oINS1a$p20127725$r2021-01-12 00:00:00$w2021-01-12$yBOO
=999  \\$d13349

