=LDR  00999pam a2200241 a 4500
=001  13350
=005  20251003085459.0
=008  810924s1982\\\\-usa\\\\\bc\\\000\0\eng\\
=040  \\$aOI
=041  \\$aeng
=051  \\$aML30.4b No. 2384 Miller$cCopy 3.
=100  \\$aYoung, Phillip T.$4aut$915604
=245  00$aTwenty-five hundred historical woodwind instruments.$bAn Inventory of the Major Collections
=260  \\$aNew York$bPendragon Press$c1982
=300  \\$axii-155 pages$bill. $c22 x 29 cm.
=504  \\$aBibliography: p. 151-153.
=650  \0$aWoodwind instrument$1http://www.wikidata.org/entity/Q181247$94119
=650  \0$aCatalogue$1http://www.wikidata.org/entity/Q2352616$921484
=650  \0$aOrganology$1http://www.wikidata.org/entity/Q899293$921400
=740  0\$a2500 historical woodwind instruments.
=942  \\$cBOO
=952  \\$00$10$2ddc$40$6INS_6A$70$8INS$913331$aORPH$bORPH$cKTS0$d2020-07-08$eKoopman$i44D42$l0$oINS6a$p20126597$r2021-01-12 00:00:00$w2021-01-12$yBOO$OKoopman
=999  \\$d13350

