=LDR  00460    a2200145   4500
=001  13351
=005  20230123101219.0
=041  \\$adut
=100  \\$aYperen, R. van$4aut$915605
=245  \\$aDe Nederlandse Militaire Muziek
=260  \\$c1966
=300  \\$a142 pages
=942  \\$cBOO$2ddc
=952  \\$00$10$2ddc$40$6GEN_15_000000000000000$70$8GEN$913332$aORPH$bORPH$cKM12_1$d2020-07-08$eKoopman$i44E39$l0$oGEN 15$p20126559$r2021-01-12 00:00:00$w2021-01-12$yBOO
=999  \\$c13351$d13351

