=LDR  01156aam a2200241   4500
=001  13352
=008  220203s1934\\\\||||||||\||||\00|\0\dut\d
=041  \\$adut
=100  \\$aYpes, Catharina$4aut$915606
=245  \\$aPetrarca in de Nederlandse letterkunde
=260  \\$aAmsterdam$bDe Spieghel$c1934
=300  \\$a395 pages
=600  \0$aPetrarca, Francesco$d1304-1374$1http://www.wikidata.org/entity/Q1401$913243
=648  \0$aRenaissance (1400-1600)$1http://www.wikidata.org/entity/Q4692$920965
=648  \0$a17th Century (1601-1700)$1http://www.wikidata.org/entity/Q7016$920923
=648  \0$a18th Century (1701-1800)$1http://www.wikidata.org/entity/Q7015$920899
=648  \0$a19th Century (1801-1900)$1http://www.wikidata.org/entity/Q6955$920935
=650  \0$aLiterature$1http://www.wikidata.org/entity/Q8242$94439
=651  \0$aNetherlands$1http://www.wikidata.org/entity/Q55$9173
=651  \0$aFlanders (Belgium)$1http://www.wikidata.org/entity/Q234$989
=942  \\$cBOO
=952  \\$00$10$2ddc$40$6LIT_PETR_B_YPES$70$8LIT$913333$aORPH$bORPH$cKM12_2_H$d2020-07-08$eKoopman$i35C22$oLIT PETR b YPES$p20120727$r2021-01-12 00:00:00$w2021-01-12$yBOO
=999  \\$d13352

