=LDR  00979aam a2200217   4500
=001  13354
=005  20250926134857.0
=008  220908s1993\\\\||||||||\||||\00|\0\ger\d
=020  \\$a3883774375
=022  \\$a09313311
=041  \\$ager
=100  \\$aZacher, Gerd$4aut$1http://www.wikidata.org/entity/Q75679$917867
=245  \\$aBach gegen seine Interpreten verteidigt:$bAufsätze 1987-1992
=260  \\$aMunich$bedition text+kritik$c1993
=490  \\$aMusik-Konzepte$v79/80
=600  \0$aBach, Johann Sebastian$d1685-1750$1http://www.wikidata.org/entity/Q1339$94766
=650  \0$aHistorically informed performance$1http://www.wikidata.org/entity/Q1344860$920980
=942  \\$cBOO
=952  \\$00$10$2ddc$40$6BIO_BACH1_E$70$8BIO$913335$aORPH$bORPH$cKTS1_P$d2020-07-08$eKoopman$i35E33$oBIO BACH1 e$p20122479$r2021-01-12 00:00:00$w2021-01-12$yBOO
=952  \\$00$10$2ddc$40$6PER_MK1$70$8PER$921799$aORPH$bORPH$cKM12_1$d2020-07-08$l0$oPER MK1$r2022-09-08 00:00:00$w2022-09-08$yPER
=999  \\$d13354

