=LDR  00999aam a2200229   4500
=001  13359
=008  250627s2006\\\\||||||||\||||\00|\0bdut\d
=020  \\$a9789049900113
=041  \\$adut
=100  \\$aZanden, J. Van Der$915613$4aut
=245  \\$aMozart in de Lage Landen
=260  \\$aAmsterdam$bPimento$c2006
=300  \\$eCD
=600  \0$aMozart, Wolfgang Amadeus$d1756-1791$1http://www.wikidata.org/entity/Q254$95341
=610  \0$aMozart family$1http://www.wikidata.org/entity/Q18574758$922340
=650  \0$aComposer$1http://www.wikidata.org/entity/Q36834$93625
=650  \0$aTravel$1http://www.wikidata.org/entity/Q61509$94440
=651  \0$aNetherlands$1http://www.wikidata.org/entity/Q55$1http://www.wikidata.org/entity/Q29999$9173
=651  \0$aBelgium$1http://www.wikidata.org/entity/Q31$920881
=942  \\$cBOO
=952  \\$00$10$2ddc$40$6BIO_MOZA1_E$70$8BIO$913340$aORPH$bORPH$cKTS1_P$d2020-07-08$eKoopman$i35B32$oBIO MOZA1 e$p20120765$r2021-01-12 00:00:00$w2021-01-12$yBOO$OKoopman
=999  \\$d13359

