=LDR  01431aam a2200265   4500
=001  13360
=005  20250925143300.0
=008  250624s1995\\\\||||||||\||||\00|\0\dut\d
=020  \\$a9052941289
=041  \\$adut
=100  \\$aZandt, Herman S. J.$4aut$920062
=245  \\$aOrganisten, orgelspel en kerkzang binnen het Nederlandse Calvinisme, inzonderheid in de Nederlandse Hervomde Kerk
=260  \\$aBedum$bProfiel$c1995
=648  \0$a16th Century (1501-1600)$1http://www.wikidata.org/entity/Q7017$920944
=648  \0$a17th Century (1601-1700)$1http://www.wikidata.org/entity/Q7016$920923
=648  \0$a18th Century (1701-1800)$1http://www.wikidata.org/entity/Q7015$920899
=648  \0$a19th Century (1801-1900)$1http://www.wikidata.org/entity/Q6955$920935
=648  \0$a20th Century (1901-2000)$1http://www.wikidata.org/entity/Q6927$920936
=650  \0$aCongregational singing$1http://www.wikidata.org/entity/Q5160756$923780
=650  \0$aChurch music$1http://www.wikidata.org/entity/Q8812109$1http://www.wikidata.org/entity/Q1065742$92283
=650  \0$aCalvinism$1http://www.wikidata.org/entity/Q101849$923719
=651  \0$aNetherlands$1http://www.wikidata.org/entity/Q55$1http://www.wikidata.org/entity/Q29999$9173
=942  \\$cBOO
=952  \\$00$10$2ddc$40$6TOP_NL_4_000000000000000$70$8TOP$913341$aORPH$bORPH$cKTS0$d2020-07-08$eKoopman$i47B21$l0$oTOP NL 4$p20121492$r2021-01-12 00:00:00$w2021-01-12$yBOO$OKoopman
=999  \\$d13360

