=LDR  00690aam a2200181   4500
=001  13361
=005  20251023095538.0
=008  251023s1993\\\\|||a||||\||||\00|\0\dut\d
=020  \\$a9071570282
=041  \\$adut
=100  \\$aZantkuijl, H. J.$915615$4aut
=245  \\$aBouwen in Amsterdam:$bHet woonhuis in de stad
=260  \\$aAmsterdam$bs.n.$c1993
=650  \0$aArchitecture$1http://www.wikidata.org/entity/Q12271$93185
=651  \0$aAmsterdam (Netherlands)$1http://www.wikidata.org/entity/Q727$9135
=942  \\$cBOO
=952  \\$00$10$2ddc$40$6TOP_NL_AMS$70$8TOP$913342$aORPH$bORPH$cKTS0$d2020-07-08$eKoopman$i34C27$l0$oTOP NL.AMS$p20122557$r2021-01-12 00:00:00$w2021-01-12$yBOO$OKoopman
=999  \\$d13361

