=LDR  02502cam a2200325 a 4500
=001  13363
=005  20250625134246.0
=008  880524s1989\\\\enkaf\\\\b\\\\001\0\eng\\
=020  \\$a0193152401 (Oxford University Press) :$c$75.00 (U.S.)
=040  \\$aOI
=041  \\$aeng
=100  \\$aZaslaw, Neal$d-1939$4aut$914168
=245  10$aMozart's Symphonies:$bContext, Performance Practice, Reception
=260  \\$aOxford$bClarendon$aNew York$bOxford University Press$c1989
=300  \\$axxv-617 pages, [16] pages of plates$billustrations$c26 cm
=504  \\$aIncludes bibliographical references (p. [569]-600).
=520  \\$aPublished to coincide with the bicentennial of Mozart's death, this book identifies and evaluates every symphony that has ever been associated with the name of Wolfgang Amadeus Mozart, nearly 100 in all. Zaslaw, who served as the musicological supervisor for the complete recordings of Mozart's symphonies by Jaap Schröder, Christopher Hogwood, and the Academy of Ancient Music, draws on exhaustive research and his own experience in presenting this comprehensive study. He places each symphony in its musical and cultural context, explores the role each played in Mozart's creative life, and reveals what is known about how Mozart's symphonies, and those of his contemporaries, were performed. In doing so, he has created an invaluable contribution to Mozart scholarship that will long stand as the definitive treatment of its subject.
=600  \0$aMozart, Wolfgang Amadeus$d1756-1791$1http://www.wikidata.org/entity/Q254$95341
=600  \0$aHogwood, Christopher$d1941-2014$1http://www.wikidata.org/entity/Q435198$918287
=600  \0$aSchröder, Jaap$d1925-2020$1http://www.wikidata.org/entity/Q683223$916164
=610  \0$aAcademy of Ancient Music (London, United Kingdom)$1http://www.wikidata.org/entity/Q337310$921512
=648  \0$a18th Century (1701-1800)$1http://www.wikidata.org/entity/Q7015$920899
=650  \0$aSymphony$1http://www.wikidata.org/entity/Q9734$92527
=650  \0$aHistorically informed performance$1http://www.wikidata.org/entity/Q1344860$920980
=650  \0$aMusical analysis$1http://www.wikidata.org/entity/Q1544924$92775
=650  \0$aLegacy$1http://www.wikidata.org/entity/Q623282$922131
=651  \0$aAustria$1http://www.wikidata.org/entity/Q40$9202
=942  \\$cBOO
=952  \\$00$10$2ddc$40$6BIO_MOZA1_E$70$8BIO$913344$aORPH$bORPH$cKTS1_P$d2020-07-08$eKoopman$i31C02$oBIO MOZA1 e$p20123273$r2021-01-12 00:00:00$w2021-01-12$yBOO
=999  \\$d13363

