=LDR  01870cam a2200337 a 4500
=001  13364
=005  20250121142130.0
=008  971106s1997\\\\pl\a\\\\\bc\\\000\0\pol\\
=020  \\$a8386766654
=040  \\$aOI
=041  \\$apol
=245  00$aMusica sacra:$bmotywy muzyczne w sztuce śląskiej XIII-XVIII w.
=260  \\$aWrocław$bMuzeum Narodowe we Wrocławiu$c1997
=300  \\$a137 pages$bill.$c28 cm
=504  \\$aIncludes bibliographical references.
=505  0\$aInstrumenty muzyczne w sakralnej plastyce śląskiej = Musical instruments in religious art of Silesia / M. Zduniak -- "Orkiestra anielska" w rzeźbie śląskiej XVII i XVIII wieku = "Angelic orchestra" in Silesian art of the 17th and 18th century / R. Nowak -- "Przy wtórze cytry i przy dźwięku harfy" = "With lyre and harp" / Aniela Kolbuszewska -- Katalog instrumentów muzycznych = Catalogue of musical instruments / A. Knast.
=546  \\$aIntroductory text in Polish and English.
=648  \0$aMiddle Ages (500-1400)$1http://www.wikidata.org/entity/Q12554$920964
=648  \0$aRenaissance (1400-1600)$1http://www.wikidata.org/entity/Q4692$920965
=648  \0$a17th Century (1601-1700)$1http://www.wikidata.org/entity/Q7016$920923
=648  \0$a18th Century (1701-1800)$1http://www.wikidata.org/entity/Q7015$920899
=650  \0$aChurch music$1http://www.wikidata.org/entity/Q8812109$92283
=650  \0$aIconography$1http://www.wikidata.org/entity/Q208145$921259
=651  \0$aPoland$1http://www.wikidata.org/entity/Q36$996
=700  \\$aZduniak, Maria$4aut$915618
=700  \\$aNowak, R.$4aut$922974
=700  \\$aKolbuszewska, A.$4aut$922975
=700  \\$aKnast, A.$4aut$922976
=942  \\$cBOO
=952  \\$00$10$2ddc$40$6TOP_PL_3_000000000000000$70$8TOP$913345$aORPH$bORPH$cKTS0$d2020-07-08$eKoopman$i22A06$oTOP PL 3$p20125626$r2021-01-12 00:00:00$w2021-01-12$yBOO
=999  \\$d13364

