=LDR  01179cam a2200253 a 4500
=001  13365
=005  20251016154411.0
=008  960213s1978\\\\nyu\\\\\\b\\\\00|\0\dut\\
=040  \\$aOI
=041  \\$adut
=245  00$aHemelbestormers:$cluchtboogbeelden op de Sint Jan
=260  \\$a's-Hertogenbosch$bDistel$c1978
=504  \\$aIncludes bibliographical references (p. [189]-210) and index.
=610  \0$aSint-Janskathedraal ('s-Hertogenbosch, Netherlands)$1http://www.wikidata.org/entity/Q2050553$925352
=648  \0$aMiddle Ages (500-1400)$1http://www.wikidata.org/entity/Q12554$920964
=650  \0$aChurch$1http://www.wikidata.org/entity/Q16970$93776
=650  \0$aArchitecture$1http://www.wikidata.org/entity/Q12271$93185
=650  \0$aSculpture$1http://www.wikidata.org/entity/Q860861$92483
=651  \0$a's-Hertogenbosch (Netherlands)$1http://www.wikidata.org/entity/Q2766547$982
=700  \\$aZeeuwe, T.$941616$4aut
=700  \\$aVries, N. de$941617$4aut
=942  \\$cBOO
=952  \\$00$10$2ddc$40$6TOP_NL_HER_3_000000000000000$70$8TOP$913346$aORPH$bORPH$cKTS0$d2020-07-08$eKoopman$i29D30$l0$oTOP NL.HER 3$p20121337$r2021-01-12 00:00:00$w2021-01-12$yBOO$OKoopman
=999  \\$d13365

