=LDR  00991aam a2200217   4500
=001  13366
=005  20250926134857.0
=008  220920s2008\\\\||||||||\||||\00|\0deng\d
=020  \\$a9789090234632
=041  \\$aeng
=100  \\$aZegers, R. H. C.$4aut$915625
=245  \\$aThe Eyes and Other Pathographical Aspects of J. S. Bach and W. A. Mozart
=260  \\$aAmsterdam$bBuijten & Schipperheijn$c2008
=600  \0$aBach, Johann Sebastian$d1685-1750$1http://www.wikidata.org/entity/Q1339$94766
=600  \0$aMozart, Wolfgang Amadeus$d1756-1791$1http://www.wikidata.org/entity/Q254$95341
=648  \0$a18th Century (1701-1800)$1http://www.wikidata.org/entity/Q7015$920899
=650  \0$aComposer$1http://www.wikidata.org/entity/Q36834$93625
=650  \0$aMedicine$1http://www.wikidata.org/entity/Q11190$921959
=942  \\$cBOO
=952  \\$00$10$2ddc$40$6BIO_BACH1_E$70$8BIO$913347$aORPH$bORPH$cKTS1_P$d2020-07-08$eKoopman$i37E13$oBIO BACH1 e$p20120527$r2021-01-12 00:00:00$w2021-01-12$yBOO
=999  \\$d13366

