=LDR  00980cam a2200229 i 4500
=001  13371
=005  20250120120006.0
=008  760719s1975\\\\gw\gh\\\\b\\\\001\0dger\\
=015  \\$aGFR76-A
=020  \\$a3873971070 :$cDM52.00
=040  \\$aOI
=100  \\$aZelm, Klaus$915628
=245  14$aDie Opern Reinhard Keisers :$bStudien zur Chronologie, Überlieferung u. Stilentwicklung /$cKlaus Zelm.
=260  \\$a[Wilhelming] ;$aMünchen ;$aSalzburg :$bMusikverlag Katzbichler,$c1975.
=300  \\$a246 p. :$bmusic, facsims. ;$c25 cm.
=504  \\$a"Fundortregister der Libretti": p. 205-218.
=504  \\$aBibliography: p. 219-227.
=600  \0$aKeiser, Reinhard$d1674-1739$1http://www.wikidata.org/entity/Q436126$915629
=942  \\$cBOO
=952  \\$00$10$2ddc$40$6BIO_KEIS1_E$70$8BIO$913352$aORPH$bORPH$cKTS1_P$d2020-07-08$eKoopman$i23F47$l0$oBIO KEIS1 e$p20128660$r2021-01-12 00:00:00$w2021-01-12$yBOO$OKoopman
=999  \\$c13371$d13371
=490  \\$aMusikwissenschaftliche Schriften ;$vBd. 8

