=LDR  00878    a2200193   4500
=001  13374
=008  210514s1940\\\\\\\|||||\||||\00|\0bger\d
=041  \\$ager
=100  \\$aZentner, Wilhelm$4aut$916903
=245  \\$aJohann Friedrich Reichardt:$bEine Musikerjugend im 18. Jahrhundert
=260  \\$aRegensburg$bBosse$c1940
=490  \\$aVon Deutscher Musik$v20
=600  \0$aReichardt, Johann Friedrich$d1752-1814$1http://www.wikidata.org/entity/Q213742$95430
=648  \0$a18th Century (1701-1800)$1http://www.wikidata.org/entity/Q7015$920899
=650  \0$aBiography$1http://www.wikidata.org/entity/Q36279$91927
=650  \0$aMusic history$1http://www.wikidata.org/entity/Q846047$921373
=942  \\$cBOO
=952  \\$00$10$2ddc$40$6BIO_REIC2_C$70$8BIO$913355$aORPH$bORPH$cKTS1_P$d2020-07-08$eKoopman$i20D11$l0$oBIO REIC2 c$p20125324$r2021-01-12 00:00:00$w2021-01-12$yBOO
=999  \\$c13374$d13374

