=LDR  00636    a2200169   4500
=001  13376
=008  211110s1971\\\\sz\a||||\||||\00|\0\ger\d
=041  \\$ager
=100  \\$aZeraschi, Helmut$4aut$1http://www.wikidata.org/entity/Q1604354$915635
=245  \\$aDas Buch von der Drehorgel
=260  \\$c1971$aZürich$bSanssouci Verlag
=300  \\$a168 pages
=336  \\$aprinted
=650  \0$aBarrel organ$1http://www.wikidata.org/entity/Q752638$93504
=942  \\$cBOO
=952  \\$00$10$2ddc$40$6INS_10_000000000000000_2A$70$8INS$913357$aORPH$bORPH$cKTS0$d2020-07-08$eKoopman$i24A04$oINS10.2a$p20128724$r2021-01-12 00:00:00$w2021-01-12$yBOO
=999  \\$d13376

