=LDR  00873cam a22002051p 4500
=001  13377
=008  780117s1973\\\\sz\a\\\\\b\\\\001\0\ger\\
=041  \\$ager
=100  \\$aZeraschi, Helmut$4aut$1http://www.wikidata.org/entity/Q1604354$915635
=245  04$aDie Drehorgel in der Kirche
=260  \\$aZürich $bSanssouci Verlag$c1973
=300  \\$a128 pages$bill. $c20 cm.
=490  0\$aSammlung Sanssouci Musica
=504  \\$aIncludes bibliographical references and index.
=650  \0$aBarrel organ$1http://www.wikidata.org/entity/Q752638$93504
=650  \0$aChurch music$1http://www.wikidata.org/entity/Q8812109$92283
=651  \0$aEurope$1http://www.wikidata.org/entity/Q46$991
=942  \\$cBOO
=952  \\$00$10$2ddc$40$6INS_10_000000000000000_2A$70$8INS$913358$aORPH$bORPH$cKTS0$d2020-07-08$eKoopman$i24A13$oINS10.2a$p20128715$r2021-01-12 00:00:00$w2021-01-12$yBOO
=999  \\$d13377

