=LDR  00373    a2200109   4500
=001  13378
=100  \\$aZiegler, B.$915636
=245  \\$aPlacidus von Camerloher 1718-82
=260  \\$c1919
=942  \\$cBOO
=952  \\$00$10$2ddc$40$6BIO_CAME_D$70$8BIO$913359$aORPH$bORPH$cKTS1_P$d2020-07-08$eKoopman$i22C16$l0$oBIO CAME d$p20125715$r2021-01-12 00:00:00$w2021-01-12$yBOO$OKoopman
=999  \\$c13378$d13378

