=LDR  02064cam a2200397 a 4500
=001  13379
=005  20250120120927.0
=008  030404s2003\\\\gw\ag\\\\b\\\\001\0\ger\d
=010  \\$a  2003461867
=016  7\$a964835223$2GyFmDB
=020  \\$a3795210674
=035  \\$a(NjP)3856636
=035  \\$a(CStRLIN)NJPGV3856636-B
=040  \\$aOHX$cOHX$dIXA$dNjP$dDLC
=042  \\$alccopycat
=043  \\$ae-gx---
=072  \7$aML$2lcco
=100  \\$aZiegler, Reinald$4aut$915637
=245  14$aDie Musikaliensammlung der Stadtkirche St. Nikolai in Schmölln/Thüringen:$brepertoiregeschichtliche Studien und Katalog. Ein Beitrag zur Musiküberlieferung im 16. und 17. Jahrhundert in Mitteldeutschland
=246  14$aMusikaliensammlung Schmölln
=260  \\$aTutzing$bSchneider$c2003
=300  \\$a2 volumes$billustrations, music$c31 cm
=490  \\$aTübinger Beiträge zur Musikwissenschaft$v23
=502  \\$aOriginally presented as the author's thesis (doctoral)--Universität Tübingen, 1999.
=504  \\$aIncludes bibliographical references (v. 1, p. 467-478) and indexes.
=505  0\$gBd. 1. Textband -- Bd. 2. Noten, Wasserzeichen, Abbildungen.
=610  \0$aStadtkirche St. Nikolai (Schmölln, Germany)$1http://www.wikidata.org/entity/Q15848648$91801
=648  \0$a17th Century (1601-1700)$1http://www.wikidata.org/entity/Q7016$920923
=650  \0$aChurch music$1http://www.wikidata.org/entity/Q8812109$92283
=650  \0$aLibrary$1http://www.wikidata.org/entity/Q7075$94229
=650  \0$aManuscript$1http://www.wikidata.org/entity/Q87167$92275
=651  \0$aSchmölln (Germany)$1http://www.wikidata.org/entity/Q572864$926680
=942  \\$cBOO
=952  \\$00$10$2ddc$3Band 1$40$6BIB_4_000000000000000_DE_SCH5$70$8BIB$913360$aORPH$bORPH$cKTS0$d2020-07-08$eKoopman$i31G12_01$l0$oBIB4 DE.SCH5$p20121024$r2021-01-12 00:00:00$w2021-01-12$yBOO
=952  \\$00$10$2ddc$3Band 2$40$6BIB_4_000000000000000_DE_SCH5$70$8BIB$913361$aORPH$bORPH$cKTS0$d2020-07-08$eKoopman$i31G12_02$l0$oBIB4 DE.SCH5$p20121023$r2021-01-12 00:00:00$w2021-01-12$yBOO
=999  \\$d13379

