=LDR  01211aam a2200229   4500
=001  13381
=005  20250926134857.0
=008  250821s1969\\\\||||||||\||||\00|\0\ger\d
=041  \\$ager
=100  \\$aZietz, H.$915638$4aut
=245  \\$aQuellenkritische Untersuchungen an den Bach-Handschriften P.801, P.802 und P.803 aus dem "Krebs'schen Nachlass" unter besonderer Berücksichtigung der Choralbearbeitungen des jungen J.S. Bach
=260  \\$aHamburg$bWagner$c1969
=490  \\$aHamburger Beiträge zur Musikwissenschaft$v1
=600  \0$aKrebs, Johann Ludwig$d1713-1780$1http://www.wikidata.org/entity/Q704174$98784
=600  \0$aBach, Johann Sebastian$d1685-1750$1http://www.wikidata.org/entity/Q1339$94766
=648  \0$a18th Century (1701-1800)$1http://www.wikidata.org/entity/Q7015$920899
=650  \0$aManuscript$1http://www.wikidata.org/entity/Q87167$92275
=651  \0$aGermany$1http://www.wikidata.org/entity/Q183$9155
=700  \\$aDadelsen, Georg von$d1918-2007$1http://www.wikidata.org/entity/Q1506567$4edt$915030
=942  \\$cBOO
=952  \\$00$10$2ddc$40$6BIO_BACH1_E$70$8BIO$913362$aORPH$bORPH$cKTS1_P$d2020-07-08$eKoopman$i32A15$oBIO BACH1 e$p20120990$r2021-01-12 00:00:00$w2021-01-12$yBOO
=999  \\$d13381

