=LDR  01586cam a2200313 a 4500
=001  13383
=005  20251103124736.0
=008  970429s1996\\\\gw\ag\\\\bk\\\001\0\ger\\
=020  \\$a3920950275
=024  2\$aM005283812
=040  \\$aOI
=100  \\$aZilkens, Udo$d-1964$915640
=245  10$aRobert Schumann, die Kinderszenen:$bim Spiegel ihrer Interpretationen seit Clara Schumann durch Musiktheoretiker und Pianisten
=246  30$aKinderszenen
=260  \\$aCologne$aRodenkirchen$bTonger$c1996
=300  \\$a79 pages$billustrations, music$c25 cm
=504  \\$aIncludes bibliographical references (p. 74-76), discography (p. 77-79), and index.
=600  \0$aSchumann, Robert$d1810-1856$1http://www.wikidata.org/entity/Q7351$913977
=600  \0$aSchumann, Clara$d1819-1896$1http://www.wikidata.org/entity/Q132232$915642
=648  \0$a19th Century (1801-1900)$1http://www.wikidata.org/entity/Q6955$920935
=650  \0$aKeyboard music$1http://www.wikidata.org/entity/Q105715630$921412
=650  \0$aPiano$1http://www.wikidata.org/entity/Q5994$1http://www.wikidata.org/entity/Q1521313$92127
=650  \0$aChild$1http://www.wikidata.org/entity/Q7569$92175
=650  \0$aMusical interpretation$1http://www.wikidata.org/entity/Q1668139$94533
=650  \0$aPerformance$1http://www.wikidata.org/entity/Q6942562$926223
=651  \0$aGermany$1http://www.wikidata.org/entity/Q183$9155
=942  \\$cBOO
=952  \\$00$10$2ddc$40$6BIO_SCHU2_E$70$8BIO$913364$aORPH$bORPH$cKTS1_P$d2020-07-08$eKoopman$i21E27$l0$oBIO SCHU2 e$p20125458$r2021-01-12 00:00:00$w2021-01-12$yBOO$OKoopman
=999  \\$d13383

