=LDR  01620cam a2200325 a 4500
=001  13385
=005  20250901113608.0
=008  961210s1996\\\\gw\a\\\\\bk\\\000\0\ger\d
=020  \\$a3920950267
=040  \\$aOI
=041  1\$ager$hita
=100  \\$aZilkens, Udo$d-1964$4aut$915640
=245  10$aAntonio Vivaldi, zwischen Naturalismus und Pop:$bDie vier Jahreszeiten im Spiegel ihrer Interpretationen durch Musiktheoretiker und Musiker, in Bearbeitungen und auf Plattencovern
=246  30$aZwischen Naturalismus und Pop
=246  30$aVier Jahreszeiten im Spiegel ihrer Interpretationen durch Musiktheoretiker und Musiker, in Bearbeitungen und auf Plattencovern
=260  \\$aCologne-Rodenkirchen$bTonger$c1996
=300  \\$a95 pages$billustrations$c25 cm
=504  \\$aDiscography: p. 84-89.
=504  \\$aIncludes bibliographical references (p. 82-83) and index.
=546  \\$aIncludes the sonnets in Italian and German (p. 92-95)
=590  \\$amit einer Diskographie von Roger-Claude Travers
=600  \0$aVivaldi, Antonio$d1678-1741$1http://www.wikidata.org/entity/Q1340$911980
=648  \0$a18th Century (1701-1800)$1http://www.wikidata.org/entity/Q7015$920899
=650  \0$aConcerto$1http://www.wikidata.org/entity/Q9748$921817
=650  \0$aLegacy$1http://www.wikidata.org/entity/Q623282$922131
=651  \0$aItaly$1http://www.wikidata.org/entity/Q38$922
=700  \\$aTravers, Roger-Claude$4ctb$915645
=942  \\$cBOO
=952  \\$00$10$2ddc$40$6BIO_VIVA_E$70$8BIO$913366$aORPH$bORPH$cKTS1_P$d2020-07-08$eKoopman$i21E29$l0$oBIO VIVA e$p20125456$r2021-01-12 00:00:00$w2021-01-12$yBOO$OKoopman
=999  \\$d13385

