=LDR  01058cam a2200205 a 4500
=001  13386
=005  20250926134857.0
=008  960620s1996\\\\gw\ag\\\\bk\\\000\0\ger\\
=020  \\$a3920950240
=040  \\$aOI
=100  \\$aZilkens, Udo$d-1964$915640
=245  10$aJohann Sebastian Bach, zwischen Zahlenmystik und Jazz :$bdie Eröffnung des Wohltemperierten Klaviers im Spiegel ihrer Interpretationen durch Musiktheoretiker und Musiker, in Kunstwerken und Bearbeitungen /$cUdo Zilkens.
=260  \\$aKöln-Rodenkirchen :$bP.J. Tonger,$cc1996.
=300  \\$a63 p. :$bill., music ;$c25 cm.
=504  \\$aIncludes bibliographical (p. 58-59) and discographical (p. 6-61) references.
=600  \0$aBach, Johann Sebastian$d1685-1750$1http://www.wikidata.org/entity/Q1339$94766
=600  \0$aBach, Johann Sebastian$d1685-1750$1http://www.wikidata.org/entity/Q1339$94766
=942  \\$cBOO
=952  \\$00$10$40$6BIO_BACH1_E$70$8BIO$913367$aORPH$bORPH$cKTS1_P$d2020-07-08$eKoopman$i21E30$oBIO BACH1 e$p20125455$r2021-01-12 00:00:00$w2021-01-12$yBOO$OKoopman
=999  \\$c13386$d13386

