=LDR  01000cam a2200229 a 4500
=001  13387
=005  20250120120257.0
=008  980223s1997\\\\gw\gh\\\\bk\\\000\0\ger\\
=010  \\$a   98117941 
=020  \\$a3920950305
=035  \\$a(OCoLC)38277539
=040  \\$aNYP$cNYP$dDLC
=042  \\$alccopycat
=100  \\$aZilkens, Udo$d-1964$915640
=245  10$aJoseph Haydn, Kaiserhymne und Sonnenaufgang :$bdie Erdödy-Streichquartette im Spiegel ihrer Interpretationen durch Musiktheoretiker und Musiker /$cUdo Zilkens.
=260  \\$aKöln-Rodenkirchen :$bP.J. Tonger,$cc1997.
=300  \\$a85 p. :$bmusic, facsims. ;$c25 cm.
=504  \\$aIncludes bibliographical references (p. 81-82) and discography (p. 83-85).
=600  \0$aHaydn, Joseph$d1732-1809$1http://www.wikidata.org/entity/Q7349$94783
=942  \\$cBOO
=952  \\$00$10$2ddc$40$6BIO_HAYD1_E$70$8BIO$913368$aORPH$bORPH$cKTS1_P$d2020-07-08$eKoopman$i21E31$oBIO HAYD1 e$p20125454$r2021-01-12 00:00:00$w2021-01-12$yBOO$OKoopman
=999  \\$c13387$d13387

