=LDR  01089cam a2200253 a 4500
=001  13388
=005  20250821124556.0
=008  980527s1998\\\\gw\a\\\\\bk\\\000\0\ger\d
=010  \\$a  2002536836
=020  \\$a3920950321
=024  2\$zM005290216
=035  \\$a(OCoLC)ocm47313326
=040  \\$aZXW$beng$cZXW$dDLC
=042  \\$alccopycat
=100  \\$aZilkens, Udo$d-1964$915640
=245  10$aClaude Debussy spielt Debussy :$bEstampes, Children's corner, Préludes und anderes : mit einer Diskographie zum gesamten Klavierwerk Debussys /$cUdo Zilkens.
=260  \\$aKöln-Rodenkirchen :$bP.J. Tonger,$cc1998.
=300  \\$a91 p. :$bill. ;$c24 cm.
=504  \\$aIncludes bibliographical references (p. 80-81) and discography (p. 82-91).
=600  \0$aDebussy, Claude$d1862-1918$1http://www.wikidata.org/entity/Q4700$918776
=650  \0$aPiano$1http://www.wikidata.org/entity/Q5994$92127
=942  \\$cBOO
=952  \\$00$10$2ddc$40$6BIO_ZILK_E$70$8BIO$913369$aORPH$bORPH$cKTS1_P$d2020-07-08$eKoopman$i22C56$oBIO ZILK e$p20125670$r2021-01-12 00:00:00$w2021-01-12$yBOO$OKoopman
=999  \\$c13388$d13388

