=LDR  00879aam a2200205   4500
=001  13392
=005  20251003085459.0
=008  220523s1963\\\\||||||||\c|||\00|\0deng\d
=041  \\$aeng
=100  \\$aZimmerman, F. B.$4aut$915651
=245  \\$aHenry Purcell 1659-1695:$bAn Analytical Catalogue of His Music
=260  \\$aLondon$bMacmillan$c1963
=561  \\$aEx libris Gustav Leonhardt
=600  \0$aPurcell, Henry$d1659-1695$1http://www.wikidata.org/entity/Q9695$95840
=648  \0$a17th Century (1601-1700)$1http://www.wikidata.org/entity/Q7016$920923
=650  \0$aCatalogue$1http://www.wikidata.org/entity/Q2352616$921484
=651  \0$aUnited Kingdom$1http://www.wikidata.org/entity/Q21$9273
=942  \\$cBOO
=952  \\$00$10$2ddc$40$6BIO_PURC1_C$70$8BIO$913373$aORPH$bORPH$cKTS1_P$d2020-07-08$eKoopman$i45B08$oBIO PURC1 c$p20127403$r2021-01-12 00:00:00$w2021-01-12$yBOO
=999  \\$d13392

