=LDR  01381aam a2200253   4500
=001  13393
=008  250428s2007\\\\|||ao|||\b|||\00|\0dger\d
=041  \\$ager
=100  \\$aZimmermann, Jan$d1965-$1http://www.wikidata.org/entity/Q1682391$915652$4aut
=245  \\$aDas alte Lübeck lächelt einem so treuherzig ins Gesicht.$bCarl Julius Milde und sein "Lübecker ABC"
=260  \\$c2007$aLübeck$bVerein der Freunde der Stadtbibliothek Lübeck
=300  \\$a64 pages$coblong
=490  \\$aVeröffentlichungen der Stadtbibliothek Lübeck$vDritte Reihe Band 58
=600  \0$aMilde, Carl Julius$d1803-1875$1http://www.wikidata.org/entity/Q1039124$98806
=648  \0$a19th Century (1801-1900)$1http://www.wikidata.org/entity/Q6955$920935
=650  \0$aIconography$1http://www.wikidata.org/entity/Q208145$921259
=650  \0$aUrban design$1http://www.wikidata.org/entity/Q63100$939883
=650  \0$aHistory$1http://www.wikidata.org/entity/Q309$921403
=650  \0$aArchitecture$1http://www.wikidata.org/entity/Q12271$93185
=650  \0$aFine art$1http://www.wikidata.org/entity/Q219625$921579
=651  \0$aLübeck (Germany)$1http://www.wikidata.org/entity/Q2843$9125
=942  \\$cBOO
=952  \\$00$10$2ddc$40$6TOP_DE_LUB_6_000000000000000$70$8TOP$913374$aORPH$bORPH$cKTS0$d2020-07-08$eKoopman$i38B25$l0$oTOP DE.LUB 6$p20120449$r2021-01-12 00:00:00$w2021-01-12$yBOO$OKoopman
=999  \\$d13393

