=LDR  00711cam a22001931  4500
=001  13394
=005  20211001160122.0
=008  730503s1971\\\\xx\\\\\\\\\\\\000\0\ger\\
=015  \\$aGDB***
=020  \\$a3873500000
=040  \\$aOI
=100  1\$aZimmerschied, Dieter,$d1934-
=245  10$aThematisches Verzeichnis der Werke von Johann Nepomuk Hummel.
=260  \\$aHofheim am Taunus,$bF. Hofmeister $c[c1971]
=300  \\$a207 p.$bmusic$c24 cm.
=600  10$aHummel, Johann Nepomuk,$d1778-1837$xThematic catalogs.
=952  \\$00$10$2ddc$40$6BIO_HUMM0_C$70$8BIO$913375$aORPH$bORPH$cKTS1_P$d2020-07-08$eKoopman$i23A14$oBIO HUMM0 c$p20128503$r2021-01-12 00:00:00$w2021-01-12$yBOO$OKoopman
=999  \\$c13394$d13394
=942  \\$cBOO

