=LDR  00909cam a22002051  4500
=001  13396
=008  750603s1974\\\\gw\af\\\\\\\\\000\0\ger\\
=041  \\$ager
=100  \\$aZingel, Hans Joachim$d1904-1978$915654
=245  10$aHarfenspiel im Barockzeitalter
=260  \\$aRegensburg $bG. Bosse$c1974
=300  \\$aiii-81 pages+[7] leaves of plates $bill. $c21cm.
=490  \\$aKölner Beiträge zur Musikforschung$vBd. 77.
=504  \\$aIncludes bibliographical references and indexes.
=648  \0$a17th Century (1601-1700)$1http://www.wikidata.org/entity/Q7016$920923
=650  \0$aHarp$1http://www.wikidata.org/entity/Q47369$93542
=650  \0$aMusic history$1http://www.wikidata.org/entity/Q846047$921373
=942  \\$cBOO
=952  \\$00$10$2ddc$40$6INS_5_000000000000000_3A_ZING$70$8INS$913377$aORPH$bORPH$cKTS0$d2020-07-08$eKoopman$i47F14$oINS5.3a ZING$p20123796$r2021-01-12 00:00:00$w2021-01-12$yBOO
=999  \\$d13396

