=LDR  00939aaa a2200205   4500
=001  13397
=008  231102s1967\\\\gw\g||||\||||\00|\0\ger\d
=041  \\$ager
=100  \\$aZingler, Ute$915655$4aut
=245  \\$aStudien zur Entwicklung der italienischen Violoncellsonate von den Anfängen bis zur Mitte des 18. Jahrhunderts.
=260  \\$c1967$aFrankfurt am Main$bJohann Wolfgang Goethe-Universität
=300  \\$a248 pages
=500  \\$aDoctoral Dissertation
=648  \0$a18th Century (1701-1800)$1http://www.wikidata.org/entity/Q7015$920899
=650  \0$aCello$1http://www.wikidata.org/entity/Q8371$92688
=650  \0$aSonata$1http://www.wikidata.org/entity/Q131269$921653
=651  \0$aItaly$1http://www.wikidata.org/entity/Q38$922
=942  \\$cBOO
=952  \\$00$10$2ddc$40$6INS_4_000000000000000_3D$70$8INS$913378$aORPH$bORPH$cKTS0$d2020-07-08$eKoopman$i43G50$l0$oINS4.3d$p20126751$r2021-01-12 00:00:00$w2021-01-12$yBOO$OKoopman
=999  \\$d13397

