=LDR  00988aam a2200217   4500
=001  13402
=008  220331s1964\\\\gw\ag|||\||||\00|\0\ger\d
=041  \\$ager
=100  \\$aZöbeley, Hans R.$4aut$915658
=245  \\$aDie Musik des Buxheimer Orgelbuch.$bSpielvorgang, Niederschrift, Herkunft, Faktur
=260  \\$aTutzing$bSchneider$c1964
=300  \\$a240 pages$bmusic
=490  \\$aMünchner Veröffentlichungen zur Musikgeschichte$v10
=648  \0$a15th Century (1401-1500)$1http://www.wikidata.org/entity/Q7018$921015
=650  \0$aOrganology$1http://www.wikidata.org/entity/Q899293$921400
=650  \0$aOrgan music$1http://www.wikidata.org/entity/Q2003283$91951
=650  \0$aOrgan$1http://www.wikidata.org/entity/Q1444$92810
=651  \0$aGermany$1http://www.wikidata.org/entity/Q183$9155
=942  \\$cBOO
=952  \\$00$10$2ddc$40$6INS_3_100000000000000_D$70$8INS$913383$aORPH$bORPH$cKTS0$d2020-07-08$eKoopman$i24A31$oINS 3.1 d$p20128697$r2021-01-12 00:00:00$w2021-01-12$yBOO
=999  \\$d13402

