=LDR  00837    a2200193   4500
=001  13403
=008  220126s1987\\\\|||goa||\||||\00|\0ddut\d
=020  \\$a9060275233
=041  \\$adut
=100  \\$aZoeren, Elbert van$d-1930$1http://www.wikidata.org/entity/Q97515318$915659
=245  \\$aDe muziekuitgeverij A.A. Noske (1896-1926):$been bijdrage tot dertig jaar Nederlandse muziekgeschiedenis 
=260  \\$c1987$aHaarlemmerliede$bElbert van Zoeren
=300  \\$a362 pages
=336  \\$aprinted
=650  \0$aMusic printing$1http://www.wikidata.org/entity/Q64416036$94007
=651  \0$aNetherlands$1http://www.wikidata.org/entity/Q55$9173
=942  \\$cBOO
=952  \\$00$10$2ddc$40$6BIB_4_000000000000000_NL_NOSK$70$8BIB$913384$aORPH$bORPH$cKTS0$d2020-07-08$eKoopman$i35C16$oBIB4 NL NOSK$p20120739$r2021-01-12 00:00:00$w2021-01-12$yBOO
=999  \\$d13403

