=LDR  00361    a2200109   4500
=001  13404
=100  \\$aZoest, R. van$915660
=245  \\$aCollection Frits Lugt
=260  \\$c1994
=942  \\$cBOO
=952  \\$00$10$2ddc$40$6VIS_ZOES$70$8VIS$913385$aORPH$bORPH$cKTS1_H$d2020-07-08$eKoopman$i24D37$l0$oVIS ZOES$p20129099$r2021-01-12 00:00:00$w2021-01-12$yBOO$OKoopman
=999  \\$c13404$d13404

