=LDR  00914aam a2200193   4500
=001  13405
=005  20250929091808.0
=008  250929s1991\\\\|||a||||\||||\00|\0\dut\d
=041  \\$adut
=100  \\$aZoete, J. de$915661$4aut
=245  \\$aZomaar een plaatje?$bDe introductie van nieuwe illustratietechnieken in Nederland in de negentiende eeuw
=260  \\$as.n.$bs.l.$c1991
=648  \0$a19th Century (1801-1900)$1http://www.wikidata.org/entity/Q6955$920935
=650  \0$aIconography$1http://www.wikidata.org/entity/Q208145$921259
=650  \0$aIllustration$1http://www.wikidata.org/entity/Q178659$921171
=651  \0$aNetherlands$1http://www.wikidata.org/entity/Q55$1http://www.wikidata.org/entity/Q29999$9173
=942  \\$cBOO
=952  \\$00$10$2ddc$40$6TOP_NL_6_000000000000000$70$8TOP$913386$aORPH$bORPH$cKTS0$d2020-07-08$eKoopman$i31E33$l0$oTOP NL 6$p20123199$r2021-01-12 00:00:00$w2021-01-12$yBOO$OKoopman
=999  \\$d13405

