=LDR  00750aam a2200157   4500
=001  13408
=008  231201s2007\\\\||||||||\||||\00|\0\dut\d
=041  \\$adut
=100  \\$aZoutendijk, Johan$915663$4aut
=245  \\$aEcho van het verleden:$bmuziek uit de bibliotheek van verzamelaars en componisten. Internationale orgelweek Vlaardingen
=260  \\$aVlaardingen$bStichting Internationale Orgelweek Vlaardingen$c2007
=650  \0$aCollecting$1http://www.wikidata.org/entity/Q208165$92117
=651  \0$aNetherlands$1http://www.wikidata.org/entity/Q55$9173
=942  \\$cBOO
=952  \\$00$10$2ddc$40$6BIB_4_000000000000000_NL$70$8BIB$913389$aORPH$bORPH$cKTS0$d2020-07-08$eKoopman$i35D15$l0$oBIB4 NL$p20120708$r2021-01-12 00:00:00$w2021-01-12$yBOO$OKoopman
=999  \\$d13408

