=LDR  00891aam a2200193   4500
=001  13410
=008  220902s1925\\\\|||f||||\||||\00|\0\ger\d
=041  \\$ager
=100  \\$aZucker, Paul$4aut$915664
=245  \\$aDie Theaterdekoration des Barock:$bEine Kunstgeschichte des Bühnenbildes
=260  \\$aBerlin$bKaemmerer$c1925
=648  \0$a17th Century (1601-1700)$1http://www.wikidata.org/entity/Q7016$920923
=648  \0$a18th Century (1701-1800)$1http://www.wikidata.org/entity/Q7015$920899
=650  \0$aStaging$1http://www.wikidata.org/entity/Q3508687$922118
=650  \0$aScenography$1http://www.wikidata.org/entity/Q737201$921278
=650  \0$aBaroque$1http://www.wikidata.org/entity/Q37853$921255
=942  \\$cBOO
=952  \\$00$10$2ddc$40$6VIS_ZUCK$70$8VIS$913391$aORPH$bORPH$cKTS1_H$d2020-07-08$eKoopman$i38F04$l0$oVIS ZUCK$p20122354$r2021-01-12 00:00:00$w2021-01-12$yBOO$OKoopman
=999  \\$d13410

