=LDR  00847aam a2200193   4500
=001  13415
=008  240506s1954\\\\|||\||||\b|||\001\0\fre\d
=041  \\$afre
=100  \\$aZumthor, Paul$d1915–1995$1http://www.wikidata.org/entity/Q116039$4aut$915667
=245  \\$aHistoire littéraire de la France médiévale (VIe-XIVe siècles)
=260  \\$aParis$bPUF$c1954
=300  \\$avii-344 pages
=561  \\$aEx libris Laura Dobbenga
=648  \0$aMiddle Ages (500-1400)$1http://www.wikidata.org/entity/Q12554$920964
=650  \0$aLiterature$1http://www.wikidata.org/entity/Q8242$94439
=651  \0$aFrance$1http://www.wikidata.org/entity/Q142$9131
=942  \\$cBOO
=952  \\$00$10$2ddc$40$6TOP_FR_3_000000000000000$70$8TOP$913395$aORPH$bORPH$cKTS0$d2020-07-08$eKoopman$i43D41$l0$oTOP FR 3$p20127212$r2021-01-12 00:00:00$w2021-01-12$yBOO$OKoopman
=999  \\$d13415

