=LDR  00821aam a2200193   4500
=001  13416
=008  230412s1977\\\\||||||||\||||\00|\0\dut\d
=041  \\$adut
=100  \\$aHuygens, Constantijn$d1596-1687$4aut$1http://www.wikidata.org/entity/Q560746$95174
=245  \\$aConstantijn Huygens' Cluijs-werck
=260  \\$c1977
=561  \\$aEx libris J. L. P. Blommendaal (plate)
=648  \0$1http://www.wikidata.org/entity/Q7016$a17th Century (1601-1700)$920923
=650  \0$aPoetry$1http://www.wikidata.org/entity/Q482$93026
=651  \0$1http://www.wikidata.org/entity/Q55$aNetherlands$9173
=700  \\$4edt$aZwaan, F. L.$915668
=942  \\$cBOO
=952  \\$00$10$2ddc$40$6LIT_HUYG1_A$70$8LIT$913396$aORPH$bORPH$cKTS1_P$d2020-07-08$eKoopman$i42A16$oLIT HUYG1 a$p20122137$r2021-01-12 00:00:00$w2021-01-12$yBOO$OKoopman
=999  \\$d13416

