=LDR  00817    a2200193   4500
=001  13419
=008  231006s1977\\\\nl\a||||\||||\00|\0\dut\d
=041  \\$adut
=100  \\$aZwart, Jan van der$916423$4edt
=245  \\$aVan een deftig orgel
=260  \\$c1977$aKoog a/d Zaan$bJan Zwart
=300  \\$a231 pages
=610  \0$1http://www.wikidata.org/entity/Q1919911$aGroote Kerk (Maassluis, Netherlands)$924854
=648  \0$1http://www.wikidata.org/entity/Q7015$a18th Century (1701-1800)$920899
=650  \0$1http://www.wikidata.org/entity/Q1444$aOrgan$92810
=651  \0$926576$aMaassluis (Netherlands)
=942  \\$cBOO
=952  \\$00$10$2ddc$40$6INS_3_000000000000000_1E_NL_MAA2$70$8INS$913399$aORPH$bORPH$cKTS0$d2020-07-08$eKoopman$i24A52$l0$oINS3.1e NL.MAA2$p20128764$r2021-01-12 00:00:00$w2021-01-12$yBOO$OKoopman
=999  \\$d13419

