=LDR  01275aam a2200241   4500
=001  13420
=008  240220s1964\\\\||||||||\||||\00|\0bger\d
=041  \\$ager
=100  \\$aZwickler, F.$915672$4aut
=245  \\$aFrater Marianus Königsperger OSB (1708-1769).$bEin Beitrag zur süddeutschen Kirchenmusik des 18. Jahrhunderts
=260  \\$as.l.$bs.n.$c1964
=600  \0$aKönigsperger, Marianus$d1708-1769$1http://www.wikidata.org/entity/Q1442150$927105
=610  \0$aBenedictines$1http://www.wikidata.org/entity/Q131132$921364
=610  \0$aBenediktinerabtei Prüfening (Regensburg, Germany)$1http://www.wikidata.org/entity/Q881589$927106
=648  \0$a18th Century (1701-1800)$1http://www.wikidata.org/entity/Q7015$920899
=650  \0$aComposer$1http://www.wikidata.org/entity/Q36834$93625
=650  \0$aOrganist$1http://www.wikidata.org/entity/Q765778$94471
=650  \0$aBiography$1http://www.wikidata.org/entity/Q36279$91927
=650  \0$aMonastery$1http://www.wikidata.org/entity/Q44613$926216
=651  \0$aRegensburg (Germany)$1http://www.wikidata.org/entity/Q2978$9201
=942  \\$cBOO
=952  \\$00$10$2ddc$40$6BIO_KÖNI_E$70$8BIO$913400$aORPH$bORPH$cKTS1_P$d2020-07-08$eKoopman$i20F12$oBIO KÖNI e$p20128138$r2021-01-12 00:00:00$w2021-01-12$yBOO$OKoopman
=999  \\$d13420

