=LDR  00627aam a2200169   4500
=001  13423
=008  250902s1987\\\\||||||||\||||\00|\0\eng\d
=020  \\$a8322320574
=041  \\$aeng
=100  \\$aZygulski, Z. jr.$915675$4aut
=245  \\$aAn Outline of Polish Applied Art
=260  \\$aWarsaw$bInterpress$c1987
=650  \0$aApplied arts$1http://www.wikidata.org/entity/Q2865882$921627
=651  \0$aPoland$1http://www.wikidata.org/entity/Q36$996
=942  \\$cBOO
=952  \\$00$10$2ddc$40$6TOP_PL$70$8TOP$913403$aORPH$bORPH$cKTS0$d2020-07-08$eKoopman$i21G42$l0$oTOP PL$p20125573$r2021-01-12 00:00:00$w2021-01-12$yBOO$OKoopman
=999  \\$d13423

