=LDR  00780aam a2200181   4500
=001  13427
=008  250514s1999\\\\|||\||||\||||\10|\0dcat\d
=022  \\$a02108208
=041  \\$acat
=245  \\$aLa musicologia a Catalunya, propostes de futur$bActes del II Simposi de Musicologia Catalana
=260  \\$aBarcelona$bInstitut d'Estudis Catalans$c1999
=300  \\$a251 pages
=490  \\$aButlletí de la Societat Catalana de Musicologia$vIV/1997
=650  \0$aMusicology$1http://www.wikidata.org/entity/Q164204$93925
=651  \0$aCatalonia (Spain)$1http://www.wikidata.org/entity/Q5705$925738
=942  \\$cBOO
=952  \\$00$10$2ddc$40$6TOP_ES_CAT$70$8TOP$913407$aORPH$bORPH$cKTS0$d2020-07-08$eKoopman$i37C15$l0$oTOP ES.CAT$p20120576$r2021-01-12 00:00:00$w2021-01-12$yBOO$OKoopman
=999  \\$d13427

