=LDR  00985aam a2200217   4500
=001  13429
=008  211115s1992\\\\\\\|||||\||||\00|\0\dut\d
=020  \\$a9789066303362
=041  \\$adut
=245  \\$aDe bijbel in huis:$bbijbelse verhalen op huisraad in de zeventiende en achttiende eeuw
=260  \\$aZwolle$bWaanders$c1992
=648  \0$a17th Century (1601-1700)$1http://www.wikidata.org/entity/Q7016$920923
=648  \0$a18th Century (1701-1800)$1http://www.wikidata.org/entity/Q7015$920899
=650  \0$aBible$1http://www.wikidata.org/entity/Q1845$921581
=650  \0$aIconography$1http://www.wikidata.org/entity/Q208145$921259
=650  \0$aApplied arts$1http://www.wikidata.org/entity/Q2865882$921627
=650  \0$aHarp$1http://www.wikidata.org/entity/Q47369$93542
=650  \0$aOrgan shutter$922815
=942  \\$cBOO
=952  \\$00$10$2ddc$40$6VIS_BIBL$70$8VIS$913409$aORPH$bORPH$cKTS1_H$d2020-07-08$eKoopman$i18A03$oVIS BIBL$p20127048$r2021-01-12 00:00:00$w2021-01-12$yBOO
=999  \\$d13429

