=LDR  01304    a2200277   4500
=001  13430
=005  20251003085459.0
=008  211008s1994\\\\po\f||||\||||\00|\0\por\d
=020  \\$a9788843548811
=041  \\$apor
=245  \\$aFábricas de sons:$binstrumentos de musica europeus dos séculos XVI a XX
=260  \\$aLisbon$bElecta$c1994
=300  \\$a140 pages
=561  \\$aEx Libris Ton Koopman
=648  \0$a16th Century (1501-1600)$1http://www.wikidata.org/entity/Q7017$920944
=648  \0$a17th Century (1601-1700)$1http://www.wikidata.org/entity/Q7016$920923
=648  \0$a18th Century (1701-1800)$1http://www.wikidata.org/entity/Q7015$920899
=648  \0$a19th Century (1801-1900)$1http://www.wikidata.org/entity/Q6955$920935
=648  \0$a20th Century (1901-2000)$1http://www.wikidata.org/entity/Q6927$920936
=650  \0$aOrganology$1http://www.wikidata.org/entity/Q899293$921400
=650  \0$aCatalogue$1http://www.wikidata.org/entity/Q2352616$921484
=651  \0$aEurope$1http://www.wikidata.org/entity/Q46$991
=710  \\$4aut$aMuseu da Musica$1http://www.wikidata.org/entity/Q6940616$922445
=942  \\$cBOO
=952  \\$00$10$2ddc$40$6INS_1B_PT_LIS1$70$8INS$913410$aORPH$bORPH$cKTS0$d2020-07-08$eKoopman$i18A16$oINS1b PT.LIS1$p20127035$r2021-01-12 00:00:00$w2021-01-12$yBOO
=999  \\$d13430

