=LDR  01204    a2200265   4500
=001  13432
=005  20251003085459.0
=008  211007s1995\\\\jp\f||||\||||\00|\0\eng\d
=041  \\$aeng$ajpn
=245  \\$aEuropean chordophones, idiophones, membranophones
=250  \\$acatalog II
=260  \\$c1995$aShizuoka$bHamamatsu Museum
=300  \\$a38 pages
=561  \\$aEx Libris Ton Koopman
=648  \0$a16th Century (1501-1600)$1http://www.wikidata.org/entity/Q7017$920944
=648  \0$a17th Century (1601-1700)$1http://www.wikidata.org/entity/Q7016$920923
=648  \0$a18th Century (1701-1800)$1http://www.wikidata.org/entity/Q7015$920899
=648  \0$a19th Century (1801-1900)$1http://www.wikidata.org/entity/Q6955$920935
=648  \0$a20th Century (1901-2000)$1http://www.wikidata.org/entity/Q6927$920936
=650  \0$aCatalogue$1http://www.wikidata.org/entity/Q2352616$921484
=651  \0$aJapan$1http://www.wikidata.org/entity/Q17$921369
=710  \\$4art$aHamamatsu Museum of Musical Instruments$922443
=942  \\$cBOO
=952  \\$00$10$2ddc$40$6INS_1B_JP_HAM1$70$8INS$913412$aORPH$bORPH$cKTS0$d2020-07-08$eKoopman$i18A19$oINS1b JP.HAM1$p20127025$r2021-01-12 00:00:00$w2021-01-12$yBOO
=999  \\$d13432

