=LDR  02090aam a2200289   4500
=001  13435
=008  250122s1969\\\\|||oa|||\||||\00|\0\ger\d
=041  \\$ager
=100  \\$as.n.$913703
=245  \\$aValeria Sitten
=250  \\$a2nd ed.
=260  \\$c1969$bGesellschaft für Schweizerische Kunstgeschichte
=300  \\$a15 pages
=490  \\$aSchweizerische Kunstführer
=500  \\$aThe Valère Basilica, also called Valère castle, is a fortified Roman Catholic church situated in Sion in the canton of Valais in Switzerland. It is located on a hill and faces the Château de Tourbillon, situated on the opposite hill. It is a Swiss heritage site of national significance.
The Pipe organ on the west side of the Valère Basilica, believed to have been built in 1435, is one of the oldest functioning in the world. It was probably brought to the church by Guillaume de Rarogne, who eventually ended up as the bishop of Sion. Its pipes are arranged to form a rough outline of a church; the larger pipes form two towers, and the smaller ones create a triangular church roof. The organ was modified in the 1700s to play Baroque music, but otherwise remains essentially unchanged. It was renovated in 1954.[wikipedia]
=610  \0$aNotre-Dame de Valère (Sion, Switzerland)$1http://www.wikidata.org/entity/Q688261$91390
=650  \0$aChurch$1http://www.wikidata.org/entity/Q16970$93776
=650  \0$aInterior design$1http://www.wikidata.org/entity/Q179232$921367
=650  \0$aApplied arts$1http://www.wikidata.org/entity/Q2865882$921627
=650  \0$aOrgan$1http://www.wikidata.org/entity/Q1444$92810
=650  \0$aArchitecture$1http://www.wikidata.org/entity/Q12271$93185
=650  \0$aCatholicism$1http://www.wikidata.org/entity/Q1841$921631
=650  \0$aFine art$1http://www.wikidata.org/entity/Q219625$921579
=651  \0$aSion (Switzerland)$1http://www.wikidata.org/entity/Q68136$939545
=942  \\$cBOO
=952  \\$00$10$2ddc$40$6TOP_CH_SIO$70$8TOP$913415$aORPH$bORPH$cKTS0$d2020-07-08$eKoopman$l0$oTOP CH.SIO$p20127757$r2021-01-12 00:00:00$w2021-01-12$yBOO$OKoopman
=999  \\$d13435

