=LDR  00675aam a2200157   4500
=001  13436
=008  221024s1972\\\\||||||||\||||\00|\0\ita\d
=041  \\$aita
=245  \\$a5. Centenario Cattedrale di S. Andrea, 1472-1972
=260  \\$aAsola$c1972
=610  \0$aCattedrale di Sant'Andrea (Asola, Italy)$1http://www.wikidata.org/entity/Q3663725$925215
=650  \0$aChurch$1http://www.wikidata.org/entity/Q16970$93776
=651  \0$aAsola (Italy)$1http://www.wikidata.org/entity/Q42288$925216
=942  \\$cBOO
=952  \\$00$10$2ddc$40$6TOP_IT_ASO$70$8TOP$913416$aORPH$bORPH$cKTS0$d2020-07-08$eKoopman$i18B16$l0$oTOP IT.ASO$p20127754$r2021-01-12 00:00:00$w2021-01-12$yBOO$OKoopman
=999  \\$d13436

