=LDR  00897aam a2200193   4500
=001  13437
=005  20250925143300.0
=008  241209s1982\\\\||||||||\||||\00|\0\dut\d
=100  \\$aVandenhove, Nicole$939286$4edt
=245  \\$aFestival van Vlaanderen 1982$bAlgemeen programmaboek  Brussel/Bruxelles-Leuven, Gent en historische steden, Mechelen 
=260  \\$c1982$bFestival van Vlaanderen vzw
=300  \\$a328 pages
=610  \0$aFestival van Vlaanderen (Belgium)$939284
=648  \0$a20th Century (1901-2000)$1http://www.wikidata.org/entity/Q6927$920936
=650  \0$aFestival book$1http://www.wikidata.org/entity/Q17590416$922319
=651  \0$aFlanders (Belgium)$1http://www.wikidata.org/entity/Q234$989
=942  \\$cBOO
=952  \\$00$10$2ddc$40$6TOP_BE_FLA$70$8TOP$913417$aORPH$bORPH$cKTS0$d2020-07-08$eKoopman$i18B21$l0$oTOP BE.FLA$p20127749$r2021-01-12 00:00:00$w2021-01-12$yBOO$OKoopman
=999  \\$d13437

