=LDR  00949aam a2200217   4500
=001  13439
=008  211001s1979\\\\-ukea|||\||||\00|\0\eng\d
=041  \\$aeng
=245  \\$aHighly Important Musical Instruments
=260  \\$aLondon$bSotheby's$c1979
=300  \\$a134 pages
=561  \\$aEx Libris Ton Koopman
=648  \0$a17th Century (1601-1700)$1http://www.wikidata.org/entity/Q7016$920923
=648  \0$a18th Century (1701-1800)$1http://www.wikidata.org/entity/Q7015$920899
=648  \0$a19th Century (1801-1900)$1http://www.wikidata.org/entity/Q6955$920935
=650  \0$1http://www.wikidata.org/entity/Q899293$aOrganology$921400
=650  \0$1http://www.wikidata.org/entity/Q177923$aAuction$93849
=710  \\$4auc$aSotheby's$1http://www.wikidata.org/entity/Q654762$922376
=942  \\$cBOO
=952  \\$00$10$2ddc$40$6INS_1B$70$8INS$913419$aORPH$bORPH$cKTS0$d2020-07-08$eKoopman$i18B43$oINS1b$p20127736$r2021-01-12 00:00:00$w2021-01-12$yBOO
=999  \\$d13439

