=LDR  01011    a2200229   4500
=001  13441
=005  20250925143300.0
=008  211001s1979\\\\-ukf||||\||||\00|\0\eng\d
=041  \\$aeng
=245  \\$aCatalogue of Highly Important Instruments
=260  \\$c1979$aLondon$bFoister & Jagg
=300  \\$a147 pages
=561  \\$aEx Libris Ton Koopman
=648  \0$a17th Century (1601-1700)$1http://www.wikidata.org/entity/Q7016$920923
=648  \0$a18th Century (1701-1800)$1http://www.wikidata.org/entity/Q7015$920899
=648  \0$a19th Century (1801-1900)$1http://www.wikidata.org/entity/Q6955$920935
=648  \0$a20th Century (1901-2000)$1http://www.wikidata.org/entity/Q6927$920936
=651  \0$aLondon (United Kingdom)$1http://www.wikidata.org/entity/Q84$9123
=710  \\$4auc$aSotheby's$1http://www.wikidata.org/entity/Q654762$922376
=942  \\$cBOO
=952  \\$00$10$2ddc$40$6INS_1B$70$8INS$913421$aORPH$bORPH$cKTS0$d2020-07-08$eKoopman$i18B45$oINS1b$p20127734$r2021-01-12 00:00:00$w2021-01-12$yBOO
=999  \\$d13441

