=LDR  02185aam a2200289   4500
=001  13442
=005  20250926134857.0
=008  211202s1981\\\\\\\|||||\||||\00|\0\ger\d
=041  \\$ager
=245  \\$aBachwoche Ansbach '81:$boffizieller Almanach
=260  \\$aAnsbach$bBachwoche Ansbach$c1981
=505  \\$aGedenkansprache bei der Trauerfeier für Professor Karl Richter am 20. februar 1981 in München / H. J. Abs -- Karl Richter, 15. 10. 1926-15. 2. 1981, nachgedacht / E. Berghöfer-Engen -- Wer war Anna Magdalena Bach? / G. von Dadelsen -- Ein englischer Musiker (ein bißchen) wieter auf dem Weg zu Bach / J. E. Gardiner -- Barocke Streichinstrumente / R. Goodman -- Karl Richter und die Bachwoche Ansbach / A. Lang -- Gedenkansprache bei der Trauerfeier für Professor Karl Richter am 20. februar 1981 in München / A. Nicolet -- Der englische Kontratenor / T. Penrose -- Barocke Holzblasinstrumente / D. Reichenberg -- Zur Entstehungsgeschichte von Bachs "Kunst der Fuge" / C. Wolff
=600  \0$aBach, Johann Sebastian$d1685-1750$1http://www.wikidata.org/entity/Q1339$94766
=600  \0$aBach, Anna Magdalena$d1701-1760$1http://www.wikidata.org/entity/Q57212$911721
=600  \0$aRichter, Karl$d1926-1981$1http://www.wikidata.org/entity/Q76735$923198
=648  \0$a18th Century (1701-1800)$1http://www.wikidata.org/entity/Q7015$920899
=648  \0$a20th Century (1901-2000)$1http://www.wikidata.org/entity/Q6927$920936
=650  \0$aComposer$1http://www.wikidata.org/entity/Q36834$93625
=650  \0$aCountertenor$1http://www.wikidata.org/entity/Q223166$92766
=650  \0$aWoodwind instrument$1http://www.wikidata.org/entity/Q181247$94119
=650  \0$aBowed string instrument$1http://www.wikidata.org/entity/Q192096$92398
=650  \0$aHistorically informed performance$1http://www.wikidata.org/entity/Q1344860$920980
=650  \0$aFestival book$1http://www.wikidata.org/entity/Q17590416$922319
=651  \0$aAnsbach (Germany)$1http://www.wikidata.org/entity/Q14859$923195
=942  \\$cBOO
=952  \\$00$10$40$6BIO_BACH1_E$70$8BIO$913422$aORPH$bORPH$cKTS1_P$d2020-07-08$eKoopman$i18B54$oBIO BACH1 e$p20127744$r2021-01-12 00:00:00$w2021-01-12$yBOO$OKoopman
=999  \\$d13442

