=LDR  01669aam a2200277   4500
=001  13443
=005  20250926134857.0
=008  211202s1983\\\\\\\|||||\||||\00|\0\ger\d
=041  \\$ager
=245  \\$aBachwoche Ansbach '83:$boffizieller Almanach
=260  \\$aAnsbach$bBachwoche Ansbach$c1983
=505  \\$aDas Weihnachts-Oratorium von Johann Sebastian Bach / W. Blankenburg -- Rudolf Hetzer und die Bachwoche Ansbach / A. Lang -- Bachs Konzert D-dur für Oboe d'amore- Bemerkungen zur Rekonstruktion / A. Mehl -- Notizen zu einer Studie über die Spieltechnik und die Interpretation der Musik für Viola da Gamba / J. Savall
=600  \0$aBach, Johann Sebastian$d1685-1750$1http://www.wikidata.org/entity/Q1339$94766
=648  \0$a18th Century (1701-1800)$1http://www.wikidata.org/entity/Q7015$920899
=650  \0$aComposer$1http://www.wikidata.org/entity/Q36834$93625
=650  \0$aOratorio$1http://www.wikidata.org/entity/Q85477$91825
=650  \0$aConcerto$1http://www.wikidata.org/entity/Q9748$921817
=650  \0$aOboe d'amore$1http://www.wikidata.org/entity/Q8380$923197
=650  \0$aViola da gamba$1http://www.wikidata.org/entity/Q96066477$93955
=650  \0$aHistorically informed performance$1http://www.wikidata.org/entity/Q1344860$920980
=650  \0$aFestival book$1http://www.wikidata.org/entity/Q17590416$922319
=651  \0$aGermany$1http://www.wikidata.org/entity/Q183$9155
=651  \0$aAnsbach (Germany)$1http://www.wikidata.org/entity/Q14859$923195
=942  \\$cBOO
=952  \\$00$10$40$6BIO_BACH1_E$70$8BIO$913423$aORPH$bORPH$cKTS1_P$d2020-07-08$eKoopman$i18B55$oBIO BACH1 e$p20127743$r2021-01-12 00:00:00$w2021-01-12$yBOO$OKoopman
=999  \\$d13443

