=LDR  01714    a2200265   4500
=001  13444
=005  20250926134857.0
=008  211202s1989\\\\\\\|||||\||||\00|\0\ger\d
=041  \\$ager
=245  \\$aBachwoche Ansbach '89:$boffizieller Almanach
=260  \\$aAnsbach$bBachwoche Ansbach$c1989
=505  \\$aZur Instrumentierung der "Kunst der Fuge" / H. Breuer -- Markgraf Carl Wilhelm Friedrich (1712-1757) / W. Bürger -- "Das schönste unter den Clavieren" / U. Henning & R. Richter -- 250 Jahre barocke Kirche St. Gumbertus / K. Kreßel -- Dr. Ludwig Schönecker / A. Lang -- Die Quellen für Johann Christoph Wieglebs Stiftkirchenorgel von 1738 in Ansbach-St. Gumbertus / E. Pöhlmann -- Bach und die Folgen / C. Wolff -- 
=600  \0$aBach, Johann Sebastian$d1685-1750$1http://www.wikidata.org/entity/Q1339$94766
=600  \0$aKarl Wilhelm Friedrich$cMarkgraf von Brandenburg-Ansbach$d1712-1757$1http://www.wikidata.org/entity/Q67859$923196
=648  \0$a18th Century (1701-1800)$1http://www.wikidata.org/entity/Q7015$920899
=650  \0$aComposer$1http://www.wikidata.org/entity/Q36834$93625
=650  \0$aLegacy$1http://www.wikidata.org/entity/Q623282$922131
=650  \0$aOrgan$1http://www.wikidata.org/entity/Q1444$92810
=650  \0$aChurch$1http://www.wikidata.org/entity/Q16970$93776
=650  \0$aInstrumentation$1http://www.wikidata.org/entity/Q617028$923032
=651  \0$aGermany$1http://www.wikidata.org/entity/Q183$9155
=651  \0$aAnsbach (Germany)$1http://www.wikidata.org/entity/Q14859$923195
=942  \\$cBOO
=952  \\$00$10$40$6BIO_BACH1_E$70$8BIO$913424$aORPH$bORPH$cKTS1_P$d2020-07-08$eKoopman$i18B56$oBIO BACH1 e$p20127742$r2021-01-12 00:00:00$w2021-01-12$yBOO$OKoopman
=999  \\$d13444

