=LDR  01576    a2200217   4500
=001  13447
=008  211102s1977\\\\||||||||\||||\00|\0\ger\d
=041  \\$ager
=245  \\$aKremsmünster 777-1977:$bBeiträge zur Geschichte der Abtei
=260  \\$aOttobeuren$c1977$bKomissionsverlag Winfried-Werk GmbH Augsburg
=300  \\$a231 pages
=490  \\$aStudien und Mitteilungen zur Geschichte des Benediktiner-Ordens und seiner Zweige$v88 Jahrgang 1977 Heft I-II
=505  \\$aA. Kellner: Der Jahrmarkt von Kremsmünster -- K. Kienesberger: P. Matthias Höfer von Kremsmünster: Sprachforscher zwischen Aufklärung und Romantik -- A. Mandorfer: Musikerziehung in Kremsmünster -- B. Pitschmann: Aus dem Tagebuch eines Flüchtlings des Dreißigjährigen Krieges. Abt Karl Stengel von Anhausen in Kremsmünster -- B. Wintersteller: Simon Rettenpacher und die deutsche Lyrik des 17. Jahrhunderts. Die Sprache der "Teutschen Reim-Gedichte" auf dem Hintergrund des oberdeutschen Literaturprogramme -- O. Wutzel: Landesausstellung "12 Jahre Kremsmünster -- 
=610  \0$aBenediktinerstift Kremsmünster (Austria)$1http://www.wikidata.org/entity/Q68865$91610
=650  \0$aMonastery$926216
=650  \0$aHistory$1http://www.wikidata.org/entity/Q309$921403
=651  \0$aAustria$1http://www.wikidata.org/entity/Q40$9202
=651  \0$aKremsmünster (Austria)$1http://www.wikidata.org/entity/Q580868$939232
=942  \\$cBOO
=952  \\$00$10$2ddc$40$6TOP_AT_KRE$70$8TOP$913427$aORPH$bORPH$cKTS0$d2020-07-08$eKoopman$i18C45$oTOP AT.KRE$p20127061$r2021-01-12 00:00:00$w2021-01-12$yBOO
=999  \\$d13447

