=LDR  00860    a2200229   4500
=001  13450
=005  20251003085459.0
=008  220525s1995\\\\|||a||||\c|||\00|\0\fre\d
=041  \\$afre
=245  \\$aCatalogues
=260  \\$aParis$bDrouot$c1995
=648  \0$a20th Century (1901-2000)$1http://www.wikidata.org/entity/Q6927$920936
=650  \0$aAuction$1http://www.wikidata.org/entity/Q177923$93849
=650  \0$aCatalogue$1http://www.wikidata.org/entity/Q2352616$921484
=651  \0$aParis (France)$1http://www.wikidata.org/entity/Q90$9160
=700  \\$4auc$aLaurin$924268
=700  \\$4auc$aGuilloux$924269
=700  \\$4auc$aBuffetaud$924270
=700  \\$4auc$aTailleur$924271
=942  \\$cBOO
=952  \\$00$10$2ddc$40$6VIS_LAUR$70$8VIS$913430$aORPH$bORPH$cKTS1_H$d2020-07-08$eKoopman$i18D52$oVIS LAUR$p20125021$r2021-01-12 00:00:00$w2021-01-12$yBOO
=999  \\$d13450

