=LDR  00922aam a2200193   4500
=001  13451
=008  240319s1991\\\\||||||||\||||\00|\0\ita\d
=041  \\$aita
=245  \\$aGli stalli della Collegiata di Sant' Orso in Aosta
=260  \\$aAosta$bTipografia Valostana$c1991
=610  \0$aCollegiata di Sant'Orso (Aosta, Italy)$1http://www.wikidata.org/entity/Q1053707$927188
=648  \0$a15th Century (1401-1500)$1http://www.wikidata.org/entity/Q7018$921015
=650  \0$aChurch$1http://www.wikidata.org/entity/Q16970$93776
=650  \0$aChoir$1http://www.wikidata.org/entity/Q131186$93338
=650  \0$aFurniture$1http://www.wikidata.org/entity/Q14745$927103
=651  \0$aAosta (Italy)$1http://www.wikidata.org/entity/Q3367$927189
=942  \\$cBOO
=952  \\$00$10$2ddc$40$6TOP_IT_AOS$70$8TOP$913431$aORPH$bORPH$cKTS0$d2020-07-08$eKoopman$i18D53$l0$oTOP IT.AOS$p20125017$r2021-01-12 00:00:00$w2021-01-12$yBOO$OKoopman
=999  \\$d13451

