=LDR  00918aam a2200193   4500
=001  13452
=008  240319s1992\\\\||||||||\||||\00|\0\ita\d
=041  \\$aita
=245  \\$aIl Chiostro della Collegiata di Sant'Orso
=260  \\$aAosta$bTipografia Valostana$c1992
=610  \0$aCollegiata di Sant'Orso (Aosta, Italy)$1http://www.wikidata.org/entity/Q1053707$927188
=648  \0$aMiddle Ages (500-1400)$1http://www.wikidata.org/entity/Q12554$920964
=650  \0$aChurch$1http://www.wikidata.org/entity/Q16970$93776
=650  \0$aMonastery$1http://www.wikidata.org/entity/Q44613$926216
=650  \0$aArchitecture$1http://www.wikidata.org/entity/Q12271$93185
=651  \0$aAosta (Italy)$1http://www.wikidata.org/entity/Q3367$927189
=942  \\$cBOO
=952  \\$00$10$2ddc$40$6TOP_IT_AOS$70$8TOP$913432$aORPH$bORPH$cKTS0$d2020-07-08$eKoopman$i18D54$l0$oTOP IT.AOS$p20125020$r2021-01-12 00:00:00$w2021-01-12$yBOO$OKoopman
=999  \\$d13452

