=LDR  02368aam a2200337   4500
=001  13455
=005  20250925143300.0
=008  211124s1978\\\\\\\ah|||\||||\00|\0bger\d
=041  \\$ager
=245  \\$aMozart – Klassik für die Gegenwart
=260  \\$aHamburg$bVereins- und Westbank$c1978
=505  \\$gMozarts Zeit und Umwelt / E. Valentin (16) -- Mozart und Haydn / G. Gruber (42) -- Über die Formentwicklung in Mozarts Opern / S. Goslich (64) -- Mozarts letzte Sinfonien / C. Floros (80) -- Eine Mozartspur in Felix Mendelssohn-Bartholdys Sinfonie A-Dur; op.90 ("Italienische") / G. Weiß (87) -- Höllenfahrt und Sonnentempel. Das Bühnenbild der Mozart-Opern / G. Jaacks (98) -- Mozarts "Don Giovanni" in der seltsamen Deutung Kierkegaards und Thomas Manns / W. Wiora (120) -- Mozart heute: Aspekte aus der Literatur / E. Valentin (130) -- Mozartopern in Hamburg: Skizzen zu einer fast 200jährigen Tradition / D. Bub (142)
=600  \0$aMozart, Wolfgang Amadeus$d1756-1791$1http://www.wikidata.org/entity/Q254$95341
=600  \0$aMendelssohn-Bartholdy, Felix$d1809-1847$1http://www.wikidata.org/entity/Q46096$94998
=600  \0$aMann, Thomas$d1875-1955$1http://www.wikidata.org/entity/Q37030$916933
=600  \0$aKierkegaard, Søren$d1813-1855$1http://www.wikidata.org/entity/Q6512$917459
=648  \0$a18th Century (1701-1800)$1http://www.wikidata.org/entity/Q7015$920899
=648  \0$a19th Century (1801-1900)$1http://www.wikidata.org/entity/Q6955$920935
=648  \0$a20th Century (1901-2000)$1http://www.wikidata.org/entity/Q6927$920936
=650  \0$aComposer$1http://www.wikidata.org/entity/Q36834$93625
=650  \0$aBiography$1http://www.wikidata.org/entity/Q36279$91927
=650  \0$aLegacy$1http://www.wikidata.org/entity/Q623282$922131
=650  \0$aInfluence$1http://www.wikidata.org/entity/Q1307337$922289
=650  \0$aIconography$1http://www.wikidata.org/entity/Q208145$921259
=650  \0$aOpera$1http://www.wikidata.org/entity/Q1344$92468
=650  \0$aStaging$1http://www.wikidata.org/entity/Q3508687$922118
=650  \0$aSymphony$1http://www.wikidata.org/entity/Q9734$92527
=651  \0$aAustria$1http://www.wikidata.org/entity/Q40$9202
=942  \\$cBOO
=952  \\$00$10$2ddc$40$6BIO_MOZA1_E$70$8BIO$913435$aORPH$bORPH$cKTS1_P$d2020-07-08$eKoopman$i18F28$oBIO MOZA1 e$p20127773$r2021-01-12 00:00:00$w2021-01-12$yBOO
=999  \\$d13455

