=LDR  01640aam a2200253   4500
=001  13457
=005  20250926134857.0
=008  231009s1985\\\\||||||||\||||\00|\0dger\d
=041  \\$ager
=245  \\$aBach Tage 1685-1985
=260  \\$c1985
=505  \\$gBach als Schüler-Bach als Lehrer / S. Borris (7) -- War Johann Sebastian Bach Thomaskantor? / D. Krickeberg (23) -- Johann Sebastian Bach im 18. Jahrhundert / G. Wagner (37) -- Programmübersicht (49) -- Bach in Leipzig: Fremdeinschätzung und Selbsteinschätzung / U. Siegele (63) -- Merkmale des Pietismus und der Aufklärung in Leipzig zur Zeit Johann Sebastian Bachs / M. Petzoldt (79) -- Pietismus und Aufklärung- Glaubensgewißheit und Vernunfterkenntnis im Widerstreit / H. Poser (91)
=600  \0$1http://www.wikidata.org/entity/Q1339$aBach, Johann Sebastian$d1685-1750$94766
=610  \0$1http://www.wikidata.org/entity/Q170402$aThomaskirche (Leipzig, Germany)$922279
=648  \0$1http://www.wikidata.org/entity/Q7015$a18th Century (1701-1800)$920899
=650  \0$1http://www.wikidata.org/entity/Q36834$aComposer$93625
=650  \0$1http://www.wikidata.org/entity/Q623282$aLegacy$922131
=650  \0$1http://www.wikidata.org/entity/Q27908$aMusic education$921766
=650  \0$1http://www.wikidata.org/entity/Q193664$aPietism$923132
=650  \0$1http://www.wikidata.org/entity/Q12539$aEnlightenment$94532
=651  \0$1http://www.wikidata.org/entity/Q2079$aLeipzig (Germany)$945
=942  \\$cBOO
=952  \\$00$10$40$6BIO_BACH1_E$70$8BIO$913437$aORPH$bORPH$cKTS1_P$d2020-07-08$eKoopman$i19A51$oBIO BACH1 e$p20125130$r2021-01-12 00:00:00$w2021-01-12$yBOO$OKoopman
=999  \\$d13457

