=LDR  01124aam a2200229   4500
=001  13458
=005  20250926134857.0
=008  231009s1973\\\\||||||||\||||\00|\0dger\d
=041  \\$ager
=245  \\$aBach Tage:$bVorträge
=260  \\$c1973
=505  \\$gGibt es einen Spätstil im Kantatenschaffen Johann Sebastian Bachs? / A. Dürr (1) -- Figuren und Symbole in der Kunst der Fuge / L. Prautzsch (10)
=600  \0$1http://www.wikidata.org/entity/Q1339$aBach, Johann Sebastian$d1685-1750$94766
=648  \0$1http://www.wikidata.org/entity/Q7015$a18th Century (1701-1800)$920899
=650  \0$1http://www.wikidata.org/entity/Q36834$aComposer$93625
=650  \0$1http://www.wikidata.org/entity/Q174873$aCantata$921603
=650  \0$1http://www.wikidata.org/entity/Q465878$aKunst der Fuge$923640
=650  \0$1http://www.wikidata.org/entity/Q80071$aSymbol$93606
=651  \0$1http://www.wikidata.org/entity/Q2079$aLeipzig (Germany)$945
=942  \\$cBOO
=952  \\$00$10$40$6BIO_BACH1_E$70$8BIO$913438$aORPH$bORPH$cKTS1_P$d2020-07-08$eKoopman$i19A52$oBIO BACH1 e$p20125129$r2021-01-12 00:00:00$w2021-01-12$yBOO$OKoopman
=999  \\$d13458

