=LDR  01291aam a2200241   4500
=001  13459
=005  20251003085459.0
=008  250604s1980\\\\|||a||||\c|||\00|\0\eng\d
=041  \\$aeng
=100  \\$aMacnutt, Richard$940316
=245  \\$aRichard Macnutt Catalogue 110
=260  \\$c1980$aTunbridge Wells$bMacnutt
=300  \\$a60 pages
=505  \\$gA collection of music by women composers - Printed & manuscript music, music literature - Librettists & libretti - Autograph letters & manuscripts of musicians - Music iconography & ephemera - Ballet, dance & theatre
=648  \0$a20th Century (1901-2000)$1http://www.wikidata.org/entity/Q6927$920936
=650  \0$aCollecting$1http://www.wikidata.org/entity/Q208165$92117
=650  \0$aCatalogue$1http://www.wikidata.org/entity/Q2352616$1http://www.wikidata.org/entity/Q6941730$921484
=650  \0$aManuscript$1http://www.wikidata.org/entity/Q87167$92275
=650  \0$aBook$1http://www.wikidata.org/entity/Q571$92285
=651  \0$aUnited Kingdom$1http://www.wikidata.org/entity/Q21$1http://www.wikidata.org/entity/Q145$9273
=942  \\$cBOO
=952  \\$00$10$2ddc$40$6BIB_4_000000000000000_GB_TUN$70$8BIB$913439$aORPH$bORPH$cKTS0$d2020-07-08$eKoopman$i19B03$l0$oBIB4 GB.TUN$p20125117$r2021-01-12 00:00:00$w2021-01-12$yBOO$OKoopman
=999  \\$d13459

