=LDR  01520    a2200181   4500
=001  13464
=008  210826s1985\\\\||||||||\||||\00|\0\pol\d
=245  \\$aVII Musica Antiqua Europae Orientalis. Bydgoszcz 1985.$bMaterialy Sesji bizantyno slowianoznawczej
=260  \\$c1985$aBydgoszcz
=300  \\$a2 vols. (162+14 pages)
=500  \\$aEditor Andrzej Jan Szwalbe (1923-2002) was a Polish lawyer, social and cultural activist and manager of the musical life in Bydgoszcz. 
=505  \\$gRola muzyki swieckiej w beletrystyce rosyjskiej konca XVII - pierwszej polowy XVIII wieku / E. Malek$gSupplementum: Iovascu le Valaque "Le protopsaltes de la cour de l'hongro-valachie"- dans les manuscrits psaltiques du Mont Athos / S. Barba-Bucur -- Musique et poésie dans les pays roumains au XVIme siècle / R. Ghircoiasiu -- A Catalog of those Engaged in the Art of Byzantine Music Along Time/Gk MS 923 BAR / T. Moisescu -- Music in the Time of the Great Moravian Empire. Two Points of View / T. Mrácek -- 
=700  \\$4edt$aSzwalbe, Andrzej Jan $d1923-2002$1http://www.wikidata.org/entity/Q9153746$922091
=700  \\$4aut$aMalek, Eliza$912552
=942  \\$cBOO
=952  \\$00$10$2ddc$3Supplementum$40$6REF_3_000000000000000_SZWA$70$8REF$99297$aORPH$bORPH$cKM12_1$d2020-07-08$eKoopman$i19C14$oREF3 SZWA$p20127922$r2021-01-12 00:00:00$w2021-01-12$yBOO
=952  \\$00$10$2ddc$40$6REF_3_000000000000000_SZWA$70$8REF$913444$aORPH$bORPH$cKM12_1$d2020-07-08$eKoopman$i19C15$oREF3 SZWA$p20127921$r2021-01-12 00:00:00$w2021-01-12$yBOO
=999  \\$d13464

