=LDR  02972nam a2200349 a 4500
=001  13465
=008  900405s1989\\\\\\\ag\\\\b\\\\000\0\ger\|
=041  \\$ager
=245  00$aStudien zur Musikgeschichte der Hansestadt Lübeck
=260  \\$aKassel$aNew York$bBärenreiter$c1989
=300  \\$a230 pages
=490  \\$aKieler Schriften zur Musikwissenschaft$v31
=504  \\$aIncludes bibliographical references.
=505  \\$gDer "Stylus phantasticus" in der Lübecker Orgelmusik / W. Breig -- Der bürgerliche Konzertbetrieb im 18. Jahrhundert / A. Edler -- Hugo Distler / B. Grusnick -- Die Musik der Reformationszeit / U. Haensel -- Der Kirchengesang in der Reformationszeit / W. D. Hauschild -- Die Musikerfamilie Kunzen im Lübecker Musikleben des 18. Jahrhunderts / G. Karstädt -- Musik als Geschichte im Werk Thomas Manns / F. Krummacher -- Musikgeschichte Lübecks im 20. Jahrhundert. Kirchenmusik und Konzertwesen / K. Matthias -- Vom Musiktheater in der Beckergrube bis zur Franzosenzeit / W. Pfannkuch -- "... magnifice susceptus est cum hymnis et laudibus Dei...". Die Musik in Arnolds Bericht über den Kaiser-Empfang zu Lübeck im Jahre 1181 / F. Reckow -- Ratsmusik und Hausmusik - Offizielles und privates Musizieren aus der Zeit zwischen 1600 und 1800 / H. W. Schwab -- Lübecker Abendmusiken / K. J. Snyder -- Meisterwerke der Musik für Bürgerstube und Salon. Musikalische Bearbeitungen im 19. Jahrhundert / W. Steinbeck -- Lübecker Komponisten des 20. Jahrhunderts-geistliche Musik / M. S. Viertel -- Das Hamburger Buxtehude-Bild. Ein Beitrag zur musikalischen Ikonographie und zum Umkreis von Johann Adam Reinken / C. Wolff
=600  \0$1http://www.wikidata.org/entity/Q153637$aBuxtehude, Dietrich$d1637-1707$910062
=600  \0$1http://www.wikidata.org/entity/Q526500$aReincken, Johann Adam$d1623-1722$923014
=600  \0$1http://www.wikidata.org/entity/Q37030$aMann, Thomas$d1875-1955$916933
=600  \0$aDistler, Hugo$d1908-1942$1http://www.wikidata.org/entity/Q702366$924120
=648  \0$1http://www.wikidata.org/entity/Q192630$aPast$922196
=650  \0$aMusic history$1http://www.wikidata.org/entity/Q846047$921373
=650  \0$aConcert$1http://www.wikidata.org/entity/Q182832$921044
=650  \0$aStylus phantasticus$1http://www.wikidata.org/entity/Q1891058$923505
=650  \0$aChurch music$1http://www.wikidata.org/entity/Q8812109$92283
=650  \0$aOrgan music$1http://www.wikidata.org/entity/Q2003283$91951
=650  \0$aLutheranism$1http://www.wikidata.org/entity/Q75809$923975
=650  \0$aAbendmusik$1http://www.wikidata.org/entity/Q318973$926413
=651  \0$aLübeck (Germany)$1http://www.wikidata.org/entity/Q2843$9125
=700  \\$aEdler, Arnfried$4edt$910666
=700  \\$aSchwab, Heinrich W.$d1938-2025$4edt$913713
=942  \\$cBOO
=952  \\$00$10$2ddc$40$6TOP_DE_LUB$70$8TOP$913445$aORPH$bORPH$cKTS0$d2020-07-08$eKoopman$i19D20$l0$oTOP DE.LUB$p20127847$r2021-01-12 00:00:00$w2021-01-12$yBOO$OKoopman
=999  \\$d13465

