=LDR  01812cam a2200289 a 4500
=001  13466
=005  20250121142131.0
=008  920731s1992\\\\gw\acg\\\b\\\\100\0dger\\
=020  \\$a3890072674
=040  \\$aOI
=041  \\$ager
=100  \\$aMarx, Hans Joachim$d1935-$1http://www.wikidata.org/entity/Q18625182$4edt$912635
=245  10$aGattungskonventionen der Händel-Oper.$bBericht über die Symposien der Internationalen Händel-Akademie Karlsruhe 1990 und 1991
=260  \\$aLaaber$bLaaber-Verlag$c1992
=300  \\$a225 pages$billustrations, portraits, music$c25 cm
=490  \\$aVeröffentlichungen der Internationalen Händel-Akademie Karlsruhe$v4
=504  \\$aIncludes bibliographical references.
=505  \\$gHändels Opera seria und das heutige Regietheater / Könemann, G.; Martinoty, J.L.; Kohlhaas, E.; Porter, A.; Merlet, J.; Persch, G. -- Händels Opera seria als literarisch-musikalische Gattung /  Marx, H.J.; Hortschansky, K.; Henze-Döhring, S.; Baselt, B. -- Händels Oper Arianne in Creta (London 1734) - Voraussetzungen ihrer Wiederaufführung / Milhous, J.; Gronda, G.; Kubik, R.; Strohm, R.; Caddy, I.
=600  \0$aHandel, George Frideric$d1685-1759$1http://www.wikidata.org/entity/Q7302$94765
=648  \0$a18th Century (1701-1800)$1http://www.wikidata.org/entity/Q7015$920899
=650  \0$aOpera seria$1http://www.wikidata.org/entity/Q210675$925224
=650  \0$aStaging$1http://www.wikidata.org/entity/Q3508687$922118
=651  \0$aHamburg (Germany)$1http://www.wikidata.org/entity/Q1055$921940
=651  \0$aLondon (United Kingdom)$1http://www.wikidata.org/entity/Q84$9123
=942  \\$cBOO
=952  \\$00$10$2ddc$40$6BIO_HAND_E$70$8BIO$913446$aORPH$bORPH$cKTS1_P$d2020-07-08$eKoopman$i19D38$l0$oBIO HAND e$p20127830$r2021-01-12 00:00:00$w2021-01-12$yBOO$OKoopman
=999  \\$d13466

