=LDR  01060aam a2200217   4500
=001  13467
=005  20250926134857.0
=008  220929s1914\\\\||||||||\||||\00|\0\ger\d
=041  \\$ager
=245  \\$a7. Deutsches Bachfest in Wien vom 9. bis 11. mai 1914.$bFest- und Programmbuch
=260  \\$aLeipzig$bBreitkopf & Härtel$c1914
=600  \0$aBach, Johann Sebastian$d1685-1750$1http://www.wikidata.org/entity/Q1339$94766
=648  \0$a20th Century (1901-2000)$1http://www.wikidata.org/entity/Q6927$920936
=650  \0$aComposer$1http://www.wikidata.org/entity/Q36834$93625
=650  \0$aLegacy$1http://www.wikidata.org/entity/Q623282$922131
=650  \0$aEarly music$1http://www.wikidata.org/entity/Q436016$93160
=650  \0$aFestival book$1http://www.wikidata.org/entity/Q17590416$922319
=651  \0$aVienna (Austria)$1http://www.wikidata.org/entity/Q1741$920937
=942  \\$cEPH
=952  \\$00$10$2ddc$40$6BIO_BACH1_E$70$8BIO$913447$aORPH$bORPH$cKTS1_P$d2020-07-08$eKoopman$i19F08$oBIO BACH1 e$p20125263$r2021-01-12 00:00:00$w2021-01-12$yEPH$OKoopman
=999  \\$d13467

