=LDR  01059aam a2200229   4500
=001  13468
=008  250604s1972\\\\|||g||||\b|||\001\0\ger\d
=020  \\$a3795201101
=041  \\$ager
=100  \\$aSchneider, Herbert$d1941-$911212$4aut
=245  \\$aDie Französische Kompositionslehre in der ersten Hälfte des 17. Jahrhunderts
=260  \\$c1972$aTutzing$bSchneider
=300  \\$a304 pages
=490  \\$aMainzer Studien zur Musikwissenschaft$vBand 3
=648  \0$a17th Century (1601-1700)$1http://www.wikidata.org/entity/Q7016$920923
=650  \0$aComposing$1http://www.wikidata.org/entity/Q92186587$1http://www.wikidata.org/entity/Q11895763$93076
=650  \0$aMusic theory$1http://www.wikidata.org/entity/Q193544$92662
=650  \0$aFrench$1http://www.wikidata.org/entity/Q150$923117
=651  \0$aFrance$1http://www.wikidata.org/entity/Q142$9131
=942  \\$cBOO
=952  \\$00$10$2ddc$40$6TOP_FR_5_000000000000000$70$8TOP$913448$aORPH$bORPH$cKTS0$d2020-07-08$eKoopman$i19F45$l0$oTOP FR 5$p20125227$r2021-01-12 00:00:00$w2021-01-12$yBOO$OKoopman
=999  \\$d13468

