=LDR  00719aam a2200169   4500
=001  13471
=008  250526s1991\\\\|||ga|||\||||\00|\0\spa\d
=041  \\$aspa
=245  \\$aLa Música a Mallorca
=260  \\$c1991$aPalma de Mallorca$bInstitut d'Istudis Baleàrics$bConselleria de cultura, Educació i esports Govern Balear
=300  \\$a145 pages
=490  \\$aEstudis Balearics$v39
=650  \0$aMusic history$1http://www.wikidata.org/entity/Q846047$921373
=651  \0$aMallorca (Spain)$1http://www.wikidata.org/entity/Q8828$940247
=942  \\$cBOO
=952  \\$00$10$2ddc$40$6TOP_ES_MAL$70$8TOP$913451$aORPH$bORPH$cKTS0$d2020-07-08$eKoopman$i20B2$l0$oTOP ES.MAL$p20128008$r2021-01-12 00:00:00$w2021-01-12$yBOO$OKoopman
=999  \\$d13471

