=LDR  02547aam a2200385   4500
=001  13472
=008  210305s1989\\\\be\|||||\||||\00|\0\eng\d
=041  \\$aeng
=100  \\$aEchols, Paul C.$4edt$920900
=245  \\$aHistorical Performance.$bThe Journal of Early Music America$nvol. 2, no. 1
=260  \\$aNew York$bEarly Music America$c1989
=300  \\$a60 pages
=505  \\$gMozart and Clementi: A Piano Competition and its Interpretation / K. Komlós -- Meter and Performance in the Seventeenth and Eighteenth Centuries / G. Houle -- The EMA Survey of Early Music: A Preliminary Report / T. Forrest Kelly -- Musica Ficta: Theories of Accidental Inflections in Vocal Polyphony from Marchetto da Padova to Gioseffo Zarlino / P. Urquhart -- Authenticity and Early Music / G. Garis -- Looking Homeward / B. S. Dunham -- Texas / D. Johnson
=600  \0$aMozart, Wolfgang Amadeus$d1756-1791$1http://www.wikidata.org/entity/Q254$95341
=600  \0$aPadova, Marchetto da$1http://www.wikidata.org/entity/Q1893498$921394
=600  \0$aZarlino, Gioseffo$d1517-1590$1http://www.wikidata.org/entity/Q365805$916065
=600  \0$aClementi, Muzio$d1752-1832$1http://www.wikidata.org/entity/Q193673$95350
=648  \0$aMiddle Ages (500-1400)$1http://www.wikidata.org/entity/Q12554$920964
=648  \0$aRenaissance (1400-1600)$1http://www.wikidata.org/entity/Q4692$920965
=648  \0$a17th Century (1601-1700)$1http://www.wikidata.org/entity/Q7016$920923
=648  \0$a18th Century (1701-1800)$1http://www.wikidata.org/entity/Q7015$920899
=650  \0$aCompetition$1http://www.wikidata.org/entity/Q476300$926371
=650  \0$aPiano$1http://www.wikidata.org/entity/Q5994$92127
=650  \0$aMusica ficta$1http://www.wikidata.org/entity/Q1852714$92114
=650  \0$aVocal music$1http://www.wikidata.org/entity/Q685884$93319
=650  \0$aPolyphony$1http://www.wikidata.org/entity/Q179465$926381
=650  \0$aNotation$1http://www.wikidata.org/entity/Q233861$91964
=650  \0$aMeter$1http://www.wikidata.org/entity/Q630649$924074
=650  \0$aEarly music$1http://www.wikidata.org/entity/Q436016$93160
=650  \0$aHistorically informed performance$1http://www.wikidata.org/entity/Q1344860$920980
=651  \0$aUSA$1http://www.wikidata.org/entity/Q30$943
=651  \0$aVienna (Austria)$1http://www.wikidata.org/entity/Q1741$920937
=942  \\$cPER
=952  \\$00$10$2ddc$40$6MTP_2_000000000000000_ECHO$70$8MTP$913452$aORPH$bORPH$cKM12_1$d2020-07-08$eKoopman$i20B12$l0$oMTP2 ECHO$p20127998$r2021-01-12 00:00:00$w2021-01-12$yPER
=999  \\$d13472

