=LDR  00353    a2200109   4500
=001  13475
=100  \\$as.n.$913703
=245  \\$aSpeciale Amadeus
=260  \\$c1993
=942  \\$cBOO
=952  \\$00$10$2ddc$40$6BIO_MONT2_F$70$8BIO$913455$aORPH$bORPH$cKTS1_P$d2020-07-08$eKoopman$i21A15$l0$oBIO MONT2 f$p20128329$r2021-01-12 00:00:00$w2021-01-12$yPER$OKoopman
=999  \\$c13475$d13475

