=LDR  02608cam a22002771  4500
=001  13477
=008  761213s1973\\\\au\ag\\\\b\\\\100\0\ger\\
=041  0\$ager
=100  \\$4edt$aSchwarz, Vera$d1929-1980$915678
=245  14$aDer klangliche Aspekt beim Restaurieren von Saitenklavieren
=260  \\$aGraz$bAkademische Druck- und Verlagsanstalt$c1973
=300  \\$a119 pages$billus., music$c24 cm
=490  \\$aBeiträge zur Aufführungspraxis$v2
=504  \\$aIncludes bibliographical references.
=505  \\$aJ. H. van der Meer: Zielsetzung bei der Restaurierung historischer Saitenklaviere (15) -- R. Schütze: Der "historische" Klang, Wunschtraum oder technoide Banalität? (25) -- P. WIlliams: The Implications of correct Restoration for Performers (29) -- J. Barnes: The stringing of Italian Harpsichords (35) -- J. Lambrechts-Douillez: Hans Ruckers and his workshop (41) -- J. Mertin: Cembalo-, Clavichord- und Orgelbau aus der Gemeinsamkeit der Erzeugung historischer Tasteninstrumente (47) -- A. Watzek: Zusammenfassende Erfahrungen an Klaviermechaniken (53) -- F. Hellwig: Historische musikalische Temperaturen und ihre Einstimmung (57) -- K. Wittmayer: Bericht (Auszug) über die Restaurierungsarbeiten an einem Kirckman-Cembalo (69) -- G. Stradner: Bemerkungen zu den besaiteten Tasteninstrumenten in Sebastian Virdungs "Musica getutscht" (79) -- V. Schwarz: Johann Samuel Petris Anweisungen zum Beziehen, Bekielen und Stimmen besaiter Tasteninstrumente (87) -- G. Stradner: Zur Ausstellung von Tasteninstrumenten (101) -- V. Schwarz: Josef Fischhof und das Wiener Klangideal um 1840 (105) -- P. Kukelka: Konservierung und Denkmalpflege an historischen Musikinstrumenten (119)
=590  \\$aBericht der ... am Inst. f. Aufführungspraxis d. Hochschule f. Musik u. Darstellende Kunst in Graz, unter Leitung v. John Henry van der Meer, Graz, 13.-16.9.1971.
=600  \0$aVirdung, Sebastian$d1465-1511$1http://www.wikidata.org/entity/Q65884$918828
=600  \0$aRuckers, Hans$d1533/40-1598$bthe Elder$1http://www.wikidata.org/entity/Q19569794$922847
=600  \0$aKirkman, Joseph$d1710-1792$922215
=650  \0$aKeyboard instrument$1http://www.wikidata.org/entity/Q52954$92849
=650  \0$aConservation and restoration$1http://www.wikidata.org/entity/Q217102$922845
=650  \0$aTuning$1http://www.wikidata.org/entity/Q858576$921655
=651  \0$1http://www.wikidata.org/entity/Q40$aAustria$9202
=942  \\$cBOO
=952  \\$00$10$2ddc$40$6INS_3_000000000000000_2B$70$8INS$913457$aORPH$bORPH$cKTS0$d2020-07-08$eKoopman$i21B14$oINS3.2b$p20128367$r2021-01-12 00:00:00$w2021-01-12$yBOO
=999  \\$d13477

