=LDR  00971    a2200217   4500
=001  13480
=008  231116s1988\\\\nl\ag|||\||||\00|\0\eng\d
=020  \\$a9072786017
=041  \\$aeng
=245  \\$aProceedings of the International Lute Symposium. Utrecht 1988
=260  \\$c1988$aUtrecht$bSTIMU
=300  \\$a168 pages
=650  \0$aLute$1http://www.wikidata.org/entity/Q180733$93944
=650  \0$aOrganology$1http://www.wikidata.org/entity/Q899293$921400
=650  \0$aMusic history$1http://www.wikidata.org/entity/Q846047$921373
=700  \\$aGrijp, Louis Peter$d1954-2016$1http://www.wikidata.org/entity/Q1993783$4edt$917692
=700  \\$aMook, Willem$4edt$926703
=710  \\$aSTIMU (Netherlands)$1http://www.wikidata.org/entity/Q122866062$4edt$922956
=942  \\$cBOO
=952  \\$00$10$2ddc$40$6INS_5_000000000000000_1D_GRIJ$70$8INS$913460$aORPH$bORPH$cKTS0$d2020-07-08$eKoopman$i21C15$l0$oINS5.1d GRIJ$p20128224$r2021-01-12 00:00:00$w2021-01-12$yBOO$OKoopman
=999  \\$d13480

