=LDR  01984cam a2200253 a 4500
=001  13481
=005  20250218163406.0
=008  860129s1984\\\\gw\am\\\\b\\\\010\0\ger\\
=020  \\$a376180749X
=040  \\$aOI
=041  0\$ager$aeng$afre
=100  \\$aHeckmann, Harald$d1924-2023$1http://www.wikidata.org/entity/Q1584532$4dte$912001
=245  00$aMusikdokumentation gestern, heute und morgen.$bHarald Heckmann zum 60. Geburtstag am 6. Dezember 1984
=260  \\$aKassel$bBärenreiter$c1984
=300  \\$a80 pages$billustrations$c24 cm$evinyl record, 7", 33 1/3 rpm, stereo
=504  \\$aBibliography of works by H. Heckmann: p. 77-80.
=504  \\$aIncludes bibliographical references.
=505  \\$gKlingende Dokumentationen aus dem Synthesizer / Norbert Böker-Heil
In pursuit of a past / Maria Calderisi Bryce
Katalogumbrüche. Ein Erlebnisprotokoll / Kurt Dorfmüller
Das Deutsche Musikgeschichtliche Archiv, Perspektiven einer Entwicklung / Jürgen Kindermann
A note on the Royal Philharmonic Society's archive / Alec Hyatt King
Un projet de Département de la Musique à la Bibliothèque royale en 1783 / François Lesure
Unkonventionelle Gedanken zur Dokumentation von Opernaufführungen / Günther Pflug
Ist Hörfunk noch wichtig? Ein Plädoyer / Hans-Peter Reinecke
Musikdokumentation und EDV
Eine Herausforderung / Helmut Rösing
Probleme und Möglichkeiten der dokumentarischen Bewertung Leichter Musik in den Rundfunkarchiven / Ulf Scharlau
The private music collection of King Frederik IX. Views on music documentation from the cataloguing process / Nanna Schiødt
=650  \0$aBibliography$1http://www.wikidata.org/entity/Q134995$93965
=650  \0$aLibrary$1http://www.wikidata.org/entity/Q7075$94229
=700  \\$aRehm, Wolfgang$d1929-2017$913710$4edt
=942  \\$cBOO
=952  \\$00$10$2ddc$40$6BIB_3_000000000000000_HECK$70$8BIB$913461$aORPH$bORPH$cKTS0$d2020-07-08$eKoopman$i21C18$l0$oBIB3 HECK$p20128221$r2021-01-12 00:00:00$w2021-01-12$yBOO$OKoopman
=999  \\$d13481

