=LDR  00602    a2200157   4500
=001  13482
=008  220512s1978\\\\|||a||||\||||\00|\0\eng\d
=041  \\$aeng
=245  \\$aPainting in Venice$bfrom its origins to the 18th century
=260  \\$aVenice$bStorti$c1978
=300  \\$a128 pages
=650  \0$aFine art$1http://www.wikidata.org/entity/Q219625$921579
=651  \0$aVenice (Italy)$1http://www.wikidata.org/entity/Q641$91
=942  \\$cBOO
=952  \\$00$10$2ddc$40$6TOP_IT_VEN1$70$8TOP$913462$aORPH$bORPH$cKTS0$d2020-07-08$eKoopman$i21E37$oTOP IT.VEN1$p20125447$r2021-01-12 00:00:00$w2021-01-12$yBOO
=999  \\$d13482

