=LDR  00852aam a2200169   4500
=001  13484
=008  250121s1904\\\\||||||||\||||\00|\0dger\d
=245  \\$aMusikkollegium Winterthur 1629-1904.$bBericht bei Anlass 275-Jahrigen Bestehens erstattet von der Vorsteherschaft
=260  \\$c1904$aWinterthur$bZiegler
=300  \\$a43 pages
=650  \0$aCollegium musicum$1http://www.wikidata.org/entity/Q117540$922461
=650  \0$aMusic history$1http://www.wikidata.org/entity/Q846047$921373
=650  \0$aMusic education$1http://www.wikidata.org/entity/Q27908$921766
=651  \0$aWinterthur (Switzerland)$1http://www.wikidata.org/entity/Q9125$926142
=942  \\$cBOO
=952  \\$00$10$2ddc$40$6TOP_CH_WIN_6_000000000000000$70$8TOP$913464$aORPH$bORPH$cKTS0$d2020-07-08$eKoopman$i21F20$l0$oTOP CH.WIN 6$p20125487$r2021-01-12 00:00:00$w2021-01-12$yBOO$OKoopman
=999  \\$d13484

