=LDR  01019aam a2200217   4500
=001  13485
=005  20251008125438.0
=008  250902s1987\\\\|||aoc||\||||\00|\0deng\d
=041  \\$aeng
=245  \\$aAdlington Hall, Chesire.$bThe Home to the Leghs of Adlington
=260  \\$as.l.$bEnglish Life Publications$c1987
=300  \\$a17 pages
=610  \0$aAdlington Hall (Cheshire, United Kingdom)$1http://www.wikidata.org/entity/Q4683319$924361
=648  \0$a17th Century (1601-1700)$1http://www.wikidata.org/entity/Q7016$920923
=650  \0$aArchitecture$1http://www.wikidata.org/entity/Q12271$93185
=650  \0$aPalace$1http://www.wikidata.org/entity/Q16560$92588
=650  \0$aOrgan$1http://www.wikidata.org/entity/Q1444$92810
=651  \0$aAdlington (Cheshire, United Kingdom)$1http://www.wikidata.org/entity/Q2479247$924360
=942  \\$cBOO
=952  \\$00$10$2ddc$40$6TOP_GB_ADL$70$8TOP$913465$aORPH$bORPH$cKTS0$d2020-07-08$eKoopman$i21F54$l0$oTOP GB.ADL$p20125522$r2021-01-12 00:00:00$w2021-01-12$yBOO$OKoopman
=999  \\$d13485

