=LDR  01262aam a2200241   4500
=001  13486
=005  20250929113614.0
=008  250929s1985\\\\|||oac||\||||\00|\0\eng\d
=041  \\$aeng
=100  \\$as.n.$913703
=245  \\$aMalmesbury Abbey, Wiltshire
=260  \\$c1985$aLodge Lane, Derby$bEnglish Life Publications Ltd.
=300  \\$a18 pages
=500  \\$aMalmesbury Abbey is a former Benedictine abbey dedicated to Saint Peter and Saint Paul. It was one of the few English religious houses with a continuous history from the 7th century through to the Dissolution of the Monasteries.
=610  \0$aMalmesbury Abbey (United Kingdom)$1http://www.wikidata.org/entity/Q550064$941399
=650  \0$aChurch$1http://www.wikidata.org/entity/Q16970$93776
=650  \0$aArchitecture$1http://www.wikidata.org/entity/Q12271$93185
=650  \0$aInterior design$1http://www.wikidata.org/entity/Q179232$921367
=650  \0$aApplied arts$1http://www.wikidata.org/entity/Q2865882$921627
=651  \0$aMalmesbury (United Kingdom)$1http://www.wikidata.org/entity/Q570153$941400
=942  \\$cBOO
=952  \\$00$10$2ddc$40$6TOP_GB_MAL$70$8TOP$913466$aORPH$bORPH$cKTS0$d2020-07-08$eKoopman$i21F58$l0$oTOP GB MAL$p20125518$r2021-01-12 00:00:00$w2021-01-12$yBOO$OKoopman
=999  \\$d13486

