=LDR  01565aas a2200289   4500
=001  13490
=008  240512s1979\\\\||||||||\||||\00|\0\spa\d
=041  \\$aspa
=245  \\$aReales Sitios
=260  \\$aMadrid$bRevista del Patrimonio Nacional$c1979
=300  \\$a80 pages
=500  \\$aContains article by Ramon Perales de la Cal (p.17-24), with illustrations & folded pages: "Alegorias Musicales en los tapices del Patrimonio Nacional (y4). Instrumentos de cuerda frotada"
=590  \\$aMusical Allegories in the tapestries of the National Heritage, part 4: Stringed instruments
=610  \0$aPalacio Real de Madrid (Madrid, Spain)$1http://www.wikidata.org/entity/Q171517$940077
=650  \0$aCastle$1http://www.wikidata.org/entity/Q23413$92088
=650  \0$aPatronage$1http://www.wikidata.org/entity/Q214092$94245
=650  \0$aArchitecture$1http://www.wikidata.org/entity/Q12271$93185
=650  \0$aInterior design$1http://www.wikidata.org/entity/Q179232$921367
=650  \0$aString instrument$1http://www.wikidata.org/entity/Q1798603$92912
=650  \0$aIconography$1http://www.wikidata.org/entity/Q208145$921259
=650  \0$aAllegory$1http://www.wikidata.org/entity/Q18535$93718
=650  \0$aTapestry$1http://www.wikidata.org/entity/Q184296$926233
=651  \0$aSpain$1http://www.wikidata.org/entity/Q29$920983
=700  \\$aPerales de la Cal, Ramon$4ctb$940209
=942  \\$cBOO
=952  \\$00$10$2ddc$40$6TOP_SP$70$8TOP$913470$aORPH$bORPH$cKTS0$d2020-07-08$eKoopman$i21G37$l0$oTOP SP$p20125578$r2021-01-12 00:00:00$w2021-01-12$yBOO$OKoopman
=999  \\$d13490

