=LDR  00924cam a2200217 a 4500
=001  13491
=005  20250120120140.0
=008  891005s1987\\\\quca\\\\\b\\\\000\0beng\\
=020  \\$a2891920848
=040  \\$aOI
=100  \\$aLeonardo$cda Vinci$d1452-1519$1http://www.wikidata.org/entity/Q762$915299
=245  10$aLeonardo da Vinci :$bengineer and architect.
=260  \\$a[Montreal] :$bMontreal Museum of Fine Arts,$cc1987.
=300  \\$axv, 352 p. :$bill. ;$c32 cm.
=504  \\$aBibliography: p. 331-338.
=600  \0$aLeonardo$cda Vinci$d1452-1519$1http://www.wikidata.org/entity/Q762$915299
=650  \0$aArchitecture$1http://www.wikidata.org/entity/Q12271$93185
=710  \\$aMontreal Museum of Fine Arts (Canada)$91654
=942  \\$cBOO
=952  \\$00$10$2ddc$40$6BIO_LEON_E$70$8BIO$913471$aORPH$bORPH$cKTS1_P$d2020-07-08$eKoopman$i21G41$oBIO LEON e$p20125574$r2021-01-12 00:00:00$w2021-01-12$yBOO$OKoopman
=999  \\$c13491$d13491

