=LDR  01046    a2200229   4500
=001  13494
=005  20250925143300.0
=008  211129s1998\\\\\\\|||||\||||\00|\0\ger\d
=020  \\$a9006318102352
=041  \\$ager
=245  \\$aSalzburger Festspiele: Pfingsten Barock$b29. Mai bis 1. Juni 1998 - Programm
=260  \\$aSalzburg$bSalzburger Festspiele$c1998
=300  \\$a207 pages
=610  \0$aSalzburger Festspiele (Austria)$939239
=648  \0$a20th Century (1901-2000)$1http://www.wikidata.org/entity/Q6927$920936
=648  \0$a17th Century (1601-1700)$1http://www.wikidata.org/entity/Q7016$920923
=648  \0$a18th Century (1701-1800)$1http://www.wikidata.org/entity/Q7015$920899
=650  \0$aFestival book$1http://www.wikidata.org/entity/Q17590416$922319
=651  \0$aSalzburg (Austria)$1http://www.wikidata.org/entity/Q34713$921433
=942  \\$cEPH
=952  \\$00$10$2ddc$40$6TOP_AT_SAL_7_000000000000000$70$8TOP$913474$aORPH$bORPH$cKTS0$d2020-07-08$eKoopman$i22C28$oTOP AT.SAL 7$p20125703$r2021-01-12 00:00:00$w2021-01-12$yEPH
=999  \\$d13494

