=LDR  00353    a2200109   4500
=001  13495
=100  \\$as.n.$913703
=245  \\$aFrederik van Eeden
=260  \\$c1960
=942  \\$cBOO
=952  \\$00$10$2ddc$40$6BIO_EEDE_D$70$8BIO$913475$aORPH$bORPH$cKTS1_P$d2020-07-08$eKoopman$i22C31$l0$oBIO EEDE d$p20125698$r2021-01-12 00:00:00$w2021-01-12$yBOO$OKoopman
=999  \\$c13495$d13495

