=LDR  01510aam a2200277   4500
=001  13496
=005  20251003085459.0
=008  220124s1970\\\\nl\af|||\||||\00|\0\dut\d
=041  \\$adut
=110  \\$aNationaal Museum van Speelklok tot Pierement (Utrecht, The Netherlands)$4edt$923553
=245  \\$avan onwillige kanaries fluitende klokken en een pierement:$bbeknopt historisch overzicht van de mechanische muziekinstrumenten
=260  \\$a[Eindhoven]$bPhilips Ontspannings Centrum$c1970
=300  \\$a66 pages$ephoto
=590  \\$ater gelegenheid van de tentoonstelling 'Van Speeldoos tot Cassettofoon' in Galerie De Zonnewijzer 11 februari-29 maart 1970
=610  \0$aPhilips Ontspannings Centrum (Eindhoven, Netherlands)$923554
=650  \0$aMechanical device$1http://www.wikidata.org/entity/Q1882685$92247
=650  \1$aAutomaton$1http://www.wikidata.org/entity/Q787116$923484
=650  \0$aClock$1http://www.wikidata.org/entity/Q376$92132
=650  \0$aCarillon$1http://www.wikidata.org/entity/Q505174$94152
=650  \0$aBarrel organ$1http://www.wikidata.org/entity/Q752638$93504
=650  \0$aOrchestrion$1http://www.wikidata.org/entity/Q977922$926308
=650  \0$aCatalogue$1http://www.wikidata.org/entity/Q2352616$921484
=651  \0$aEurope$1http://www.wikidata.org/entity/Q46$991
=942  \\$cBOO
=952  \\$00$10$2ddc$40$6INS_10_000000000000000_9A_NL_EIN$70$8INS$913476$aORPH$bORPH$cKTS0$d2020-07-08$eKoopman$i22D07$oINS10.9a NL.EIN$p20128468$r2021-01-12 00:00:00$w2021-01-12$yBOO
=999  \\$d13496

