=LDR  01044aam a2200193   4500
=001  13497
=005  20251009162911.0
=008  251009s1996\\\\|||ao|||\||||\00|\0\mul\d
=041  \\$ajpn$aeng
=245  \\$a東大寺 (Tōdai-ji Temple)
=260  \\$c1996
=300  \\$a40 pages
=500  \\$aTōdai-ji (東大寺, Todaiji temple; "Eastern Great Temple") is a Buddhist temple complex that was once one of the powerful Seven Great Temples, located in the city of Nara, Japan. The construction of the temple was an attempt to imitate Chinese temples from the much-admired Tang dynasty. Though it was originally founded in the year 738 CE, Tōdai-ji was not opened until the year 752 CE.
=650  \0$aBuddhism$1http://www.wikidata.org/entity/Q748$940107
=650  \0$aArchitecture$1http://www.wikidata.org/entity/Q12271$93185
=651  \0$aNara (Nara, Japan)$941543
=942  \\$cBOO
=952  \\$00$10$2ddc$40$6TOP_JP_NAR$70$8TOP$913477$aORPH$bORPH$cKTS0$d2020-07-08$eKoopman$l0$oTOP JP.NAR$p20128425$r2021-01-12 00:00:00$w2021-01-12$yBOO$OKoopman
=999  \\$d13497

