=LDR  00984aam a2200205   4500
=001  13501
=008  230830s1999\\\\||||||||\||||\00|\0\ger\d
=041  \\$ager
=100  \\$aMozart, Wolfgang Amadeus$d1756-1791$1http://www.wikidata.org/entity/Q254$4cmp$95341
=245  \\$aDie Zauberflöte
=260  \\$aEnschede$bNationale Reisopera$c1999
=648  \0$1http://www.wikidata.org/entity/Q7015$a18th Century (1701-1800)$920899
=650  \0$1http://www.wikidata.org/entity/Q1344 $aOpera$92468
=650  \0$1http://www.wikidata.org/entity/Q1544924$aMusical analysis$92775
=650  \0$1http://www.wikidata.org/entity/Q846047$aMusic history$921373
=650  \0$aZauberflöte$1http://www.wikidata.org/entity/Q5064$940279
=651  \0$aVienna (Austria)$1http://www.wikidata.org/entity/Q1741$920937
=942  \\$cBOO
=952  \\$00$10$2ddc$40$6BIO_MOZA1_E$70$8BIO$913481$aORPH$bORPH$cKTS1_P$d2020-07-08$eKoopman$i22F02$l0$oBIO MOZA1 e$p20128860$r2021-01-12 00:00:00$w2021-01-12$yBOO$OKoopman
=999  \\$d13501

