=LDR  00884aam a2200193   4500
=001  13502
=008  211013s1983\\\\||||||||\||||\00|\0\ita\d
=041  \\$aita
=245  \\$aBarocchismi:$bAspetti di revival nel periodo Classico e Romantico
=260  \\$aMilan$bRicordi$c1983
=490  \\$aEx Libris del Festival Vivaldi$v2
=648  \0$a18th Century (1701-1800)$1http://www.wikidata.org/entity/Q7015$920899
=648  \0$a19th Century (1801-1900)$1http://www.wikidata.org/entity/Q6955$920935
=650  \0$aBaroque$1http://www.wikidata.org/entity/Q37853$921255
=650  \0$aLegacy$1http://www.wikidata.org/entity/Q623282$922131
=650  \0$aEarly music$1http://www.wikidata.org/entity/Q436016$93160
=942  \\$cBOO
=952  \\$00$10$2ddc$40$6GHM_5_000000000000000$70$8GHM$913482$aORPH$bORPH$cKM12_1$d2020-07-08$eKoopman$i23B09$oGHM 5$p20128550$r2021-01-12 00:00:00$w2021-01-12$yBOO
=999  \\$d13502

