=LDR  02527    a2200289   4500
=001  13503
=008  220223s1984\\\\|||a||||\||||\00|\0\ita\d
=041  \\$aita
=100  \\$aMorelli, Giovanni$4edt$912867
=245  \\$aIl tranquillo seren del secol d'oro:$bMusica e spettacolo musicale a Venezia e a Vienna fra Seicento e Settecento
=260  \\$aMilan$bRicordi$c1984
=300  \\$a253 pages
=490  \\$aEx libris del Festival Vivaldi$v3
=505  \\$gIl pensiero conservato dagli affetti: Psicologia retorica e linguaggi interni della rappresentazione festiva leopoldina (Vienna 1690) / Luca Zoppelli -- Il Teatro delle passioni humane / Nicolò Minato -- Dal poema uni-verso all'universo a spicchi: Note per un ritorno di Tito in patria / Marzio Pieri -- Il Tito / Nicolò Beregan -- Al sepolcro di Cristo: una poetica consuetidinaria. Religio, prassi, devozione, rappresentazione nei riti oratoriali del Venerdì Santo, a Vienna e a Venezia / Maria Girardi -- Il Lutto dell'universo / Francesco Sbarra & Leopold I -- Catalogo degli oratorii veneziani fino al 1729 -- Oratorii al SS. Sepolcro e immaginario barocco: aspetti dell'espressionismo fastoso delle devozioni musicali leopoldine / Massimo Zane -- Possa egli procurarle diletto mediante le sue corde di Budella: note a un settimino alto-settecentesco che era forse un quartetto buono per intervalli di oratorio (Wien 1735) / Fabio Zanzotto -- Snervato e steso sul dorso, vestito e stivalato, col suo frac turchino. Werther a Venezia: una nuova stagione della malinconia
=600  \0$aLeopold I$cHoly Roman Emperor$d1640-1705$1http://www.wikidata.org/entity/Q150494$922858
=600  \0$aGoethe, Johann Wolfgang von$d1749-1832$1http://www.wikidata.org/entity/Q5879$911175
=648  \0$a17th Century (1601-1700)$1http://www.wikidata.org/entity/Q7016$920923
=648  \0$a18th Century (1701-1800)$1http://www.wikidata.org/entity/Q7015$920899
=650  \0$aOpera$1http://www.wikidata.org/entity/Q1344$92468
=650  \0$aOratorio$1http://www.wikidata.org/entity/Q85477$91825
=650  \0$aLibretto$1http://www.wikidata.org/entity/Q131084$94031
=650  \0$aEmotion$1http://www.wikidata.org/entity/Q9415$921566
=651  \0$aVenice (Italy)$1http://www.wikidata.org/entity/Q641$91
=651  \0$aVienna (Austria)$1http://www.wikidata.org/entity/Q1741$920937
=942  \\$cBOO
=952  \\$00$10$2ddc$40$6TOP_IT_VEN1_5_000000000000000$70$8TOP$913483$aORPH$bORPH$cKTS0$d2020-07-08$eKoopman$i28B10$oTOP IT.VEN1 5$p20128549$r2021-01-12 00:00:00$w2021-01-12$yBOO
=999  \\$d13503

