=LDR  00867cam a22002174a 4500
=001  13504
=008  061103s2002\\\\gw\af\\\\\\\\\000\0\mul\\
=020  \\$a3000092188
=040  \\$aOI
=041  1\$ager$achi$aeng$hger
=110  \\$aOberlinger Orgelbau (Windesheim, Germany)$91804
=245  10$aOberlinger Orgelbau
=260  \\$aWindesheim$bOberlinger Orgelbau$c2002
=300  \\$a72 pages$c28 cm
=546  \\$aText in German with Chinese and English translations.
=610  \0$aOberlinger Orgelbau (Windesheim, Germany)$91804
=650  \0$aOrgan$1http://www.wikidata.org/entity/Q1444$92810
=651  \0$aGermany$1http://www.wikidata.org/entity/Q183$9155
=942  \\$cBOO
=952  \\$00$10$2ddc$40$6INS_3_000000000000000_1B_OBER$70$8INS$913484$aORPH$bORPH$cKTS0$d2020-07-08$eKoopman$i23G07$l0$oINS3.1b OBER$p20128585$r2021-01-12 00:00:00$w2021-01-12$yBOO$OKoopman
=999  \\$d13504

