=LDR  01255cam a2200265 a 4500
=001  13511
=008  970729s2002\\\\nyua\\\\\b\\\\011\0\mul\|
=041  0\$aeng$aspa
=245  00$aEncomium musicae:$bEssays in Memory of Robert J. Snow
=260  \\$aHillsdale, NY$bPendragon Press$c2002
=300  \\$aviii-765 pages
=490  \\$aFestschrift Series$v17
=504  \\$aIncludes bibliographical references and index.
=505  \\$gI. Hispanic Music in the diaspora -- II.Music in Spain and Portugal -- III. Music in other regions
=546  \\$aEnglish and Spanish.
=650  \0$aMusic history$1http://www.wikidata.org/entity/Q846047$921373
=651  \0$aSpain$1http://www.wikidata.org/entity/Q29$920983
=651  \0$aSouth America$1http://www.wikidata.org/entity/Q1$1http://www.wikidata.org/entity/Q18$922373
=651  \0$aPortugal$1http://www.wikidata.org/entity/Q45$9136
=700  \\$aCrawford, David$d-1939$915682$4edt
=700  \\$aWagstaff, George Grayson$915683$4edt
=700  \\$aSnow, Robert J.$d1926-1998$1http://www.wikidata.org/entity/Q60828803$915681$4dte
=942  \\$cBOO
=952  \\$00$10$2ddc$40$6TOP_ES$70$8TOP$913491$aORPH$bORPH$cKTS0$d2020-07-08$eKoopman$i23F06$l0$oTOP ES$p20128919$r2021-01-12 00:00:00$w2021-01-12$yBOO$OKoopman
=999  \\$d13511

