=LDR  00799aam a2200193   4500
=001  13514
=008  220621b\\\\\\\\||||||||\||||\00|\0\###\d
=041  \\$ajpn$dfre
=100  \\$as.n.$4aut$913703
=245  \\$aLe Grand Orgue de Shoin
=260  \\$c1983$aKobe
=300  \\$a28 pages
=610  \0$aKobe Shoin Women's University (Kobe, Japan)$1http://www.wikidata.org/entity/Q3551835$924449
=650  \0$aOrgan$1http://www.wikidata.org/entity/Q1444$92810
=650  \0$aOrganology$1http://www.wikidata.org/entity/Q899293$921400
=651  \0$aKobe (Japan)$1http://www.wikidata.org/entity/Q48320$924450
=942  \\$cBOO
=952  \\$00$10$2ddc$40$6INS_3_000000000000000_1E_JP_KOB$70$8INS$913494$aORPH$bORPH$cKTS0$d2020-07-08$eKoopman$i24G49$oINS3.1e JP.KOB$p20129307$r2021-01-12 00:00:00$w2021-01-12$yBOO
=999  \\$d13514

