=LDR  01150aam a2200229   4500
=001  13516
=005  20251003085459.0
=008  211124s1996\\\\\\\a||||\c|||\00|\0\fre\d
=041  \\$afre
=100  \\$aChambure, Geneviève Thibault de $d1902-1975$4col$1http://www.wikidata.org/entity/Q5533112$922219
=245  \\$aBibliothèque musicale de la Comtesse de Chambure, troisième vente : Manuscrits.$bMusique religieuse, Opéra, Cantates, Chants profanes, Musique instrumentale
=260  \\$aParis$bDrouot$c1996
=300  \\$a64 pages$billustrations
=650  \0$aChurch music$1http://www.wikidata.org/entity/Q8812109$92283
=650  \0$aLibrary$1http://www.wikidata.org/entity/Q7075$94229
=650  \0$aManuscript$1http://www.wikidata.org/entity/Q87167$92275
=650  \0$aAuction$1http://www.wikidata.org/entity/Q177923$93849
=650  \0$aCatalogue$1http://www.wikidata.org/entity/Q2352616$921484
=651  \0$aFrance$1http://www.wikidata.org/entity/Q142$9131
=942  \\$cBOO
=952  \\$00$10$2ddc$40$6BIB_4_000000000000000_FR_CHAM$70$8BIB$913496$aORPH$bORPH$cKTS0$d2020-07-08$eKoopman$i25D05$oBIB4 FR CHAM$p20129281$r2021-01-12 00:00:00$yBOO
=999  \\$d13516

