=LDR  01489aam a2200277   4500
=001  13517
=005  20251003085459.0
=008  211124s1993\\\\\\\a||||\c|||\00|\0\fre\d
=041  \\$afre
=100  \\$aChambure, Geneviève Thibault de $d1902-1975$4col$1http://www.wikidata.org/entity/Q5533112$922219
=245  \\$aBibliothèque musicale de la Comtesse de Chambure : $bThéorie musicale, Arts du spectacle : danse, ballet opéra. Vente aux enchères publiques le 26 mai 1993 à 14 heures
=260  \\$aParis$bDrouot$c1993
=300  \\$a122 pages$billustrations
=590  \\$aVente aux enchères publiques le 26 mai 1993
=650  \0$aMusic theory$1http://www.wikidata.org/entity/Q193544$92662
=650  \0$aBallet$1http://www.wikidata.org/entity/Q41425$94412
=650  \0$aOpera$1http://www.wikidata.org/entity/Q1344$92468
=650  \0$aDance$1http://www.wikidata.org/entity/Q11639$1http://www.wikidata.org/entity/Q316930$924845
=650  \0$aLibrary$1http://www.wikidata.org/entity/Q7075$94229
=650  \0$aAuction$1http://www.wikidata.org/entity/Q177923$93849
=650  \0$aCollecting$1http://www.wikidata.org/entity/Q208165$92117
=650  \0$aCatalogue$1http://www.wikidata.org/entity/Q2352616$921484
=700  \\$aLesure, François$1http://www.wikidata.org/entity/Q2426092$4win$917727
=942  \\$cBOO
=952  \\$00$10$2ddc$40$6BIB_4_000000000000000_FR_CHAM$70$8BIB$913497$aORPH$bORPH$cKTS0$d2020-07-08$eKoopman$i25D06$oBIB4 FR CHAM$p20129280$r2021-01-12 00:00:00$yBOO
=999  \\$d13517

