=LDR  01607aam a2200253   4500
=001  13518
=008  220708n\\\\\\\\|||a||||\\|||\00|\0\eng\d
=041  \\$aeng
=245  \\$aThe Pepys Library
=260  \\$aCambridge$bUniversity Printing Services
=300  \\$a18 pages
=500  \\$aNo author, no date, no ISBN.
=500  \\$aBooklet about the Pepys Library, at Magdalene College, Cambridge, which is the collection of English writer and politician Samuel Pepys (1633-1703), who left his library to Magdalene College, Cambridge. 
The collection consists of medieval manuscripts, early printed books, printed books and manuscripts about the Royal Navy and other nautical matters, special collections (prints and ballads), and books connected with Pepys' own life.
=600  \0$aPepys, Samuel$d1633-1703$1http://www.wikidata.org/entity/Q106143$913215
=610  \0$aUniversity of Cambridge (United Kingdom)$1http://www.wikidata.org/entity/Q35794$922224
=648  \0$a17th Century (1601-1700)$1http://www.wikidata.org/entity/Q7016$920923
=650  \0$aLibrary$1http://www.wikidata.org/entity/Q7075$94229
=650  \0$aCollecting$1http://www.wikidata.org/entity/Q208165$92117
=650  \0$aIncunable$1http://www.wikidata.org/entity/Q216665$93964
=650  \0$aMusic history$1http://www.wikidata.org/entity/Q846047$921373
=651  \0$aCambridge (United Kingdom)$1http://www.wikidata.org/entity/Q350$924595
=942  \\$cBOO
=952  \\$00$10$2ddc$40$6BIB_4_000000000000000_GB_CAM$70$8BIB$913498$aORPH$bORPH$cKTS0$d2020-07-08$eKoopman$i25D22$oBIB4 GB.CAM$p20129335$r2021-01-12 00:00:00$w2021-01-12$yBOO
=999  \\$d13518

