=LDR  01321cam a22002651  4500
=001  13523
=005  20250120120007.0
=008  711228s1970\\\\gw\a\\\\\b\\\\000\0\ger\\
=040  \\$aOI
=041  \\$ager
=100  \\$aDürer, Albrecht$d1471-1528$4art$1http://www.wikidata.org/entity/Q5580$915684
=245  10$aAlbrecht Dürer, 1471 bis 1528:$bdas gesamte graphische Werk
=260  \\$aMunich$bRogner & Bernhard$c1970
=300  \\$a2 v. (1968 p., chiefly illus.)$c22 cm.
=504  \\$aBibliography: p. 1958-1964.
=505  0\$a1. Handzeichnungen.--2. Druckgraphik.
=648  \0$a15th Century (1401-1500)$1http://www.wikidata.org/entity/Q7018$921015
=648  \0$a16th Century (1501-1600)$1http://www.wikidata.org/entity/Q7017$920944
=651  \0$aGermany$1http://www.wikidata.org/entity/Q183$9155
=700  \\$aHütt, Wolfgang$4win$915685
=942  \\$cBOO
=952  \\$00$10$2ddc$3vol. 2: Druckgraphic$40$6BIO_DURE_A$70$8BIO$913503$aORPH$bORPH$cKTS1_P$d2020-07-08$eKoopman$i25E08_02$oBIO DURE a$p20129350$r2021-01-12 00:00:00$w2021-01-12$yBOO
=952  \\$00$10$2ddc$3vol. 1: Handzeichnungen$40$6BIO_DURE_A$70$8BIO$920710$aORPH$bORPH$cKTS1_P$d2020-07-08$eKoopman$i25E08_01$oBIO DURE a$p20129351$r2021-10-12 00:00:00$w2021-01-12$yBOO
=999  \\$c13523$d13523
=650  \0$aFine art$1http://www.wikidata.org/entity/Q219625$921579

