=LDR  01267cam a22002412  4500
=001  13524
=005  20250120120027.0
=008  820827s1973\\\\au\a\\\\\b\\\\000\0\fre\\
=020  \\$a3201008338
=041  0\$afre
=245  10$aBible moralisée:$bCodex Vindobonensis 2554
=260  \\$aGraz$bAkademische Druck- u. Verlagsanstalt$c1973
=300  \\$b2 vols. (67 fols. + x-72 pages)
=590  \\$aFaksimile-Ausgabe im Originalformat des Codex Vindobonensis 2554 der Österreichischen Nationalbibliothek
=610  \0$aÖsterreichische Nationalbibliothek (Vienna, Austria)$1http://www.wikidata.org/entity/Q304037$91356
=648  \0$aMiddle Ages (500-1400)$1http://www.wikidata.org/entity/Q12554$920964
=650  \0$aBible$1http://www.wikidata.org/entity/Q1845$921581
=650  \0$aFine art$1http://www.wikidata.org/entity/Q219625$921579
=700  \\$4edt$aHaussherr, Reiner$911449
=942  \\$cBOO
=952  \\$00$10$2ddc$40$6LIT_BIBL_A$70$8LIT$913504$aORPH$bORPH$cKM12_2_H$d2020-07-08$eKoopman$i25F23a$l0$oLIT BIBL a$p20129409$r2021-01-12 00:00:00$w2021-01-12$yBOO$zPictures
=952  \\$00$10$2ddc$40$6LIT_BIBL_A$70$8LIT$920184$aORPH$bORPH$cKM12_2_H$d2020-07-08$eKoopman$i25F23b$l0$oLIT BIBL a$p20129408$r2021-05-19 00:00:00$w2021-05-19$yBOO$zCommentarium
=999  \\$c13524$d13524

