=LDR  01027aam a2200205   4500
=001  13525
=008  230329s1960\\\\|||a||||\||||\00|\0\dut\d
=041  \\$adut
=110  2\$aMuseum voor Schone Kunsten (Ghent, Belgium)$1http://www.wikidata.org/entity/Q2365880$925944
=245  \\$aBloem en tuin in de Vlaamse kunst
=260  \\$aBrussels$bÉditions de la Connaissance$c1960
=300  \\$a168 pages
=500  \\$aCatalogus uitg. n.a.v. de tentoonstelling "Bloem en tuin in de Vlaamse kunst" te Gent (Museum voor Schone Kunsten), 10 april-26 juni 1960
=650  \0$aFine art$1http://www.wikidata.org/entity/Q219625$921579
=650  \0$aExhibition$1http://www.wikidata.org/entity/Q464980$925353
=650  \0$aGardening$1http://www.wikidata.org/entity/Q124946$925464
=651  \0$aFlanders (Belgium)$1http://www.wikidata.org/entity/Q234$989
=942  \\$cBOO
=952  \\$00$10$2ddc$40$6TOP_BE_FLA$70$8TOP$913505$aORPH$bORPH$cKTS0$d2020-07-08$eKoopman$i28E12$l0$oTOP BE.FLA$p20121376$r2021-01-12 00:00:00$w2021-01-12$yBOO$OKoopman
=999  \\$d13525

