=LDR  01185aam a2200205   4500
=001  13526
=005  20251003085459.0
=008  230329s1995\\\\|||a||||\c|||\00|\0\ger\d
=041  \\$ager
=100  \\$4auc$aBoerner, C. G.$99725
=245  \\$aNeue Lagerliste:$bSchongauer bis Whistler, die schönsten Neuerwerbungen, Graphik aus fünf Jahrhunderten$n1
=260  \\$c1995$bBoerner$aDüsseldorf
=490  \\$aNeue Lagerliste$v10
=500  \\$aCarl Gustav Boerner (1790-1855) was a painter, art dealer, art publisher, art collector and antiquarian. On 8 November 1826, he founded an art antiquary in Leipzig, specialising in hand drawings and prints, at the suggestion and with the support of his friend, the merchant and collector Heinrich Wilhelm Campe (1771-1862). 
=600  \0$aErasmus, Desiderius$d1466-1536$1http://www.wikidata.org/entity/Q43499$95446
=650  \0$aCatalogue$1http://www.wikidata.org/entity/Q2352616$921484
=650  \0$aFine art$1http://www.wikidata.org/entity/Q219625$921579
=942  \\$cBOO
=952  \\$00$10$2ddc$40$6VIS_FUNF$70$8VIS$913506$aORPH$bORPH$cKTS1_H$d2020-07-08$eKoopman$i28E14$l0$oVIS FUNF$p20121374$r2021-01-12 00:00:00$w2021-01-12$yBOO$OKoopman
=999  \\$d13526

