=LDR  00832    a2200217   4500
=001  13530
=008  220509s2005\\\\sp\f||||\||||\00|\0\spa\d
=020  \\$a9788493454104
=041  \\$aspa
=100  \\$4aut$aVarious$94793
=245  \\$aArte Organica. Organos de Castilla y León
=260  \\$c2005$aValladolid$bFundacion Siglo
=300  \\$a126 pages
=336  \\$aprinted
=490  \\$vJulio Agosto 2005
=650  \0$aOrgan$1http://www.wikidata.org/entity/Q1444$92810
=650  \0$aOrganology$1http://www.wikidata.org/entity/Q899293$921400
=651  \0$aCastile and León (Spain)$1http://www.wikidata.org/entity/Q5739$923015
=942  \\$cBOO
=952  \\$00$10$2ddc$40$6INS_3_000000000000000_1A_ES_CAS$70$8INS$913510$aORPH$bORPH$cKTS0$d2020-07-08$eKoopman$i29D22$oINS 3.1a ES.CAS$p20121345$r2021-01-12 00:00:00$w2021-01-12$yBOO
=999  \\$d13530

