=LDR  00898    a2200217   4500
=001  13531
=008  220509s2006\\\\sp\f||||\||||\00|\0\spa\d
=020  \\$a9788493513252
=041  \\$aspa
=100  \\$4aut$aVarious$94793
=245  \\$aArte Organica. Organos de Castilla y León
=260  \\$c2006$aValladolid$bFundacion Siglo
=300  \\$a143 pages
=336  \\$aprinted
=650  \0$aOrgan$1http://www.wikidata.org/entity/Q1444$92810
=650  \0$aOrganology$1http://www.wikidata.org/entity/Q899293$921400
=651  \0$aCastile and León (Spain)$1http://www.wikidata.org/entity/Q5739$923015
=710  \\$4edt$aFundación Siglo para las Artes de Castilla y León (Valladolid, Spain)$924122
=942  \\$cBOO
=952  \\$00$10$2ddc$40$6INS_3_000000000000000_1A_ES_CAS$70$8INS$913511$aORPH$bORPH$cKTS0$d2020-07-08$eKoopman$i29D23$oINS 3.1a ES.CAS$p20121344$r2021-01-12 00:00:00$w2021-01-12$yBOO
=999  \\$d13531

