=LDR  00939nam a2200217 a 4500
=001  13535
=005  20250925143300.0
=008  870507s1986\\\\it\a\\\\\\\\\\000\0\ita\\
=020  \\$a8843521586
=040  \\$aOI
=041  \\$aita
=245  00$aVenezia restaurata, 1966-1986:$bla campagna dell'UNESCO e l'opera delle organizzazioni private
=260  \\$aMilan$bElecta$c1986
=300  \\$a236 pages$billustrations (some color)$c29 cm
=648  \0$1http://www.wikidata.org/entity/Q6927$a20th Century (1901-2000)$920936
=650  \0$aFine art$1http://www.wikidata.org/entity/Q219625$921579
=650  \0$aConservation and restoration$1http://www.wikidata.org/entity/Q217102$922845
=651  \0$1http://www.wikidata.org/entity/Q641$aVenice (Italy)$91
=942  \\$cBOO
=952  \\$00$10$2ddc$40$6TOP_IT_VEN1$70$8TOP$913515$aORPH$bORPH$cKTS0$d2020-07-08$eKoopman$i29F22$l0$oTOP IT.VEN1$p20121260$r2021-01-12 00:00:00$w2021-01-12$yBOO$OKoopman
=999  \\$d13535

