=LDR  00972cam a2200241 i 4500
=001  13536
=005  20251003085459.0
=008  170925s1989\\\\mx\ae\\\\b\\\s000\0\spa\\
=020  \\$a9788562108013
=041  \\$aspa
=100  \\$aVarious$4aut$94793
=245  10$aVoces del Arte. Inventario de Organos tabulares
=260  \\$aMexico$bSedue$c1989
=300  \\$a454pages$billustrations (some color)
=650  \0$aOrgan$1http://www.wikidata.org/entity/Q1444$92810
=650  \0$aOrganology$1http://www.wikidata.org/entity/Q899293$921400
=650  \0$aCatalogue$1http://www.wikidata.org/entity/Q2352616$921484
=651  \0$aMexico$1http://www.wikidata.org/entity/Q96$921717
=700  \\$aZaldívar Guerra, Sergio$4ctb$924468
=700  \\$aChirinos Calero, Patricio$4ctb$924467
=942  \\$cBOO
=952  \\$00$10$2ddc$40$6INS_3_000000000000000_1A_MX$70$8INS$913516$aORPH$bORPH$cKTS0$d2020-07-08$eKoopman$i29F27$oINS3.1a MX$p20121255$r2021-01-12 00:00:00$w2021-01-12$yBOO
=999  \\$d13536

