=LDR  00979aam a2200205   4500
=001  13537
=005  20250926134857.0
=008  230217s1927\\\\||||||||\||||\00|\0\ger\d
=041  \\$ager
=245  \\$aBachfeier in der Tomaskirche zu Leipzig$bSonnabend, den 25. [und] 26. Juni 1927
=260  \\$c1927$aLeipzig$bT
=600  \0$aBach, Johann Sebastian$d1685-1750$1http://www.wikidata.org/entity/Q1339$94766
=610  \0$aThomaskirche (Leipzig, Germany)$1http://www.wikidata.org/entity/Q170402$922279
=648  \0$a20th Century (1901-2000)$1http://www.wikidata.org/entity/Q6927$920936
=650  \0$aConcert$1http://www.wikidata.org/entity/Q182832$921044
=650  \0$aLegacy$1http://www.wikidata.org/entity/Q623282$922131
=651  \0$aLeipzig (Germany)$1http://www.wikidata.org/entity/Q2079$945
=942  \\$cBOO
=952  \\$00$10$40$6BIO_BACH1_E$70$8BIO$913517$aORPH$bORPH$cKTS1_P$d2020-07-08$eKoopman$i30B50$oBIO BACH1 e$p20130334$r2021-01-12 00:00:00$w2021-01-12$yBOO$OKoopman
=999  \\$d13537

