=LDR  01150aam a2200241   4500
=001  13540
=005  20251008125107.0
=008  250929s2001\\\\|||acoj|\||||\00|\0deng\d
=041  \\$aeng
=100  \\$aOliphant, Jane$941411$4aut
=245  \\$aPenhurst Place and Gardens.$bAncestral Home of the Sidney Family for 450 Years
=260  \\$aLodge Lane, Derby$bHeritage House Group$c2001
=300  \\$a73 pages
=610  \0$aPenhurst Place (Kent, United Kingdom)$1http://www.wikidata.org/entity/Q7164746$941407
=650  \0$aArchitecture$1http://www.wikidata.org/entity/Q12271$93185
=650  \0$aNobility$1http://www.wikidata.org/entity/Q134737$93602
=650  \0$aPalace$1http://www.wikidata.org/entity/Q16560$92588
=650  \0$aInterior design$1http://www.wikidata.org/entity/Q179232$921367
=650  \0$aGardening$1http://www.wikidata.org/entity/Q124946$925464
=651  \0$aPenhurst (Kent, United Kingdom)$1http://www.wikidata.org/entity/Q1227477$941413
=942  \\$cBOO
=952  \\$00$10$2ddc$40$6TOP_GB_PEN$70$8TOP$913520$aORPH$bORPH$cKTS0$d2020-07-08$eKoopman$i31B28$l0$oTOP GB.PEN$p20130331$r2021-01-12 00:00:00$w2021-01-12$yBOO$OKoopman
=999  \\$d13540

