=LDR  01122cam a2200253 p 4500
=001  13541
=005  20251003085459.0
=008  780612s1977\\\\ne\a\\\\\c\\\\001\0\eng\\
=020  \\$a9012008352 :$cfl 50.00
=040  \\$aOI
=041  \\$aeng$adut
=110  \\$aMauritshuis (The Hague, Netherlands)$1http://www.wikidata.org/entity/Q221092$4edt$91261
=245  14$aThe Royal Cabinet of Paintings:$bIllustrated General Catalogue
=260  \\$aThe Hague$bGovernment Publishing Office$c1977
=300  \\$ax-305 pages$billustrations$c27 cm
=610  \0$aMauritshuis (The Hague, Netherlands)$1http://www.wikidata.org/entity/Q221092$91261
=650  \0$aFine art$1http://www.wikidata.org/entity/Q219625$921579
=650  \0$aCatalogue$1http://www.wikidata.org/entity/Q2352616$921484
=651  \0$aNetherlands$1http://www.wikidata.org/entity/Q55$9173
=700  \\$aKilburn, G.$4trl$926675
=700  \\$aSchwartz, Gary$d1940-$4trl$913105
=942  \\$cBOO
=952  \\$00$10$2ddc$40$6VIS_HOET$70$8VIS$913521$aORPH$bORPH$cKTS1_H$d2020-07-08$eKoopman$i31C26$l0$oVIS HOET$p20123243$r2021-01-12 00:00:00$w2021-01-12$yBOO$OKoopman
=999  \\$d13541

