=LDR  01088aam a2200217   4500
=001  13542
=008  231005m19641965|||a||||\c|||\00|\0\dut\d
=041  \\$adut
=245  \\$aDe schilder in zijn wereld:$bvan Jan van Eyck tot van Gogh en Ensor
=260  \\$aDelft$aAntwerp$c1964
=648  \0$1http://www.wikidata.org/entity/Q12554$aMiddle Ages (500-1400)$920964
=648  \0$1http://www.wikidata.org/entity/Q4692$aRenaissance (1400-1600)$920965
=648  \0$1http://www.wikidata.org/entity/Q7016$a17th Century (1601-1700)$920923
=648  \0$1http://www.wikidata.org/entity/Q7015$a18th Century (1701-1800)$920899
=648  \0$1http://www.wikidata.org/entity/Q6955$a19th Century (1801-1900)$920935
=650  \0$1http://www.wikidata.org/entity/Q219625$aFine art$921579
=651  \0$1http://www.wikidata.org/entity/Q55$aNetherlands$9173
=651  \0$1http://www.wikidata.org/entity/Q31$aBelgium$920881
=942  \\$cBOO
=952  \\$00$10$2ddc$40$6VIS_SCHI$70$8VIS$913522$aORPH$bORPH$cKTS1_H$d2020-07-08$eKoopman$i31E17$l0$oVIS SCHI$p20123214$r2021-01-12 00:00:00$w2021-01-12$yBOO$OKoopman
=999  \\$d13542

