=LDR  01143aam a2200241   4500
=001  13547
=005  20250926134857.0
=008  220929s1968\\\\||||||||\||||\00|\0\ger\d
=041  \\$ager
=100  \\$as.n.$913703
=245  \\$a43. Deutsches Bach-Fest der neuen Bach-Gesellschaft$b6.-9. Dezember 1968 in Dresden
=260  \\$aLeipzig$bNeue Bachgesellschaft$c1968
=561  \\$aEx libris Mahrenholz (plate and signature)
=600  \0$aBach, Johann Sebastian$d1685-1750$1http://www.wikidata.org/entity/Q1339$94766
=648  \0$a20th Century (1901-2000)$1http://www.wikidata.org/entity/Q6927$920936
=650  \0$aComposer$1http://www.wikidata.org/entity/Q36834$93625
=650  \0$aLegacy$1http://www.wikidata.org/entity/Q623282$922131
=650  \0$aEarly music$1http://www.wikidata.org/entity/Q436016$93160
=650  \0$aFestival book$1http://www.wikidata.org/entity/Q17590416$922319
=651  \0$aDresden (Germany)$1http://www.wikidata.org/entity/Q1731$947
=942  \\$cEPH
=952  \\$00$10$2ddc$40$6BIO_BACH1_E$70$8BIO$913527$aORPH$bORPH$cKTS1_P$d2020-07-08$eKoopman$i33E49$oBIO BACH1 e$p20120940$r2021-01-12 00:00:00$w2021-01-12$yBOO
=999  \\$d13547

