=LDR  01421cam a22002654a 4500
=001  13548
=008  040210s2003\\\\sp\a\\\\\b\\\s100\0dspa\\
=020  \\$a8481082953
=041  \\$aspa
=111  \\$94743$aSymposium Internacional "Diego Fernández" de Música de Tecla Española$n(1st :$d2000 :$cVera, Spain)
=245  10$aClaves y pianos españoles: Interpretación y repertorio hasta 1830.$bActas del I y II Symposium Internacional "Diego Fernández" de Música de Tecla Española, Vera-Mojácar 2000-2001 
=260  \\$aAlmería$bInstituto de Estudios Almerienses, Diputación de Almería$bLEAL$c2003
=300  \\$a259 pages
=504  \\$aIncludes bibliographical references (p. [237]-259).
=561  \\$aEx Libris Ton Koopman
=648  \0$a19th Century (1801-1900)$1http://www.wikidata.org/entity/Q6955$920935
=648  \0$a18th Century (1701-1800)$1http://www.wikidata.org/entity/Q7015$920899
=648  \0$a17th Century (1601-1700)$1http://www.wikidata.org/entity/Q7016$920923
=650  \0$aHarpsichord$1http://www.wikidata.org/entity/Q81982$92125
=650  \0$aKeyboard music$1http://www.wikidata.org/entity/Q105715630$921412
=651  \0$aSpain$1http://www.wikidata.org/entity/Q29$920983
=700  \\$aMorales, Luisa$4edt$915100
=942  \\$cBOO
=952  \\$00$10$2ddc$40$6INS_3A_ES$70$8INS$913528$aORPH$bORPH$cKTS0$d2020-07-08$eKoopman$i33G19$oINS3a ES$p20122692$r2021-01-12 00:00:00$w2021-01-12$yBOO
=999  \\$d13548

