=LDR  00803    a2200193   4500
=001  13549
=005  20250925143300.0
=008  220126s1931\\\\||||||||\||||\00|\0\dut\d
=041  \\$adut
=245  \\$aRapport der Regeerings-Commissie inzake het dansvraagstuk
=260  \\$aThe Hague$bAlgemeene Landsdrukkerij$c1931
=300  \\$a145 pages
=561  \\$aEx libris Dr. Mr. L. P. van der Does (plate)
=648  \0$a20th Century (1901-2000)$1http://www.wikidata.org/entity/Q6927$920936
=650  \0$aDance$1http://www.wikidata.org/entity/Q6034$924845
=651  \0$aNetherlands$1http://www.wikidata.org/entity/Q55$9173
=942  \\$cBOO
=952  \\$00$10$2ddc$40$6TOP_NL_7_000000000000000$70$8TOP$913529$aORPH$bORPH$cKTS0$d2020-07-08$eKoopman$i34B12$oTOP NL 7$p20122606$r2021-01-12 00:00:00$w2021-01-12$yBOO
=999  \\$d13549

