=LDR  00926aam a2200193   4500
=001  13550
=005  20250926134857.0
=008  240513s1966\\\\||||||||\||||\00|\0\ger\d
=041  \\$ager
=245  \\$aInternationales Bachfest der Stadt Leipzig in Verbindung mit dem 41. Deutschen Bachfest der Neuen Bachgesellschaft 28. Mai - 4. Juni 1966
=260  \\$aLeipzig$c1966
=561  \\$aEx libris Mahrenholz (signature)
=600  \0$aBach, Johann Sebastian$d1685-1750$1http://www.wikidata.org/entity/Q1339$94766
=648  \0$a20th Century (1901-2000)$1http://www.wikidata.org/entity/Q6927$920936
=650  \0$aFestival book$1http://www.wikidata.org/entity/Q17590416$922319
=651  \0$aLeipzig (Germany)$1http://www.wikidata.org/entity/Q2079$945
=942  \\$cBOO
=952  \\$00$10$40$6BIO_BACH1_E$70$8BIO$913530$aORPH$bORPH$cKTS1_P$d2020-07-08$eKoopman$i34B24$oBIO BACH1 e$p20122592$r2021-01-12 00:00:00$w2021-01-12$yBOO$OKoopman
=999  \\$d13550

