=LDR  03395    a2200313   4500
=001  13553
=005  20250926134857.0
=008  220126m19491951||||cgodd||||\00|\0ddut\d
=041  \\$adut
=245  \\$aBach-herdenking Utrechtse Studenten$pnos. 1-8
=246  \1$aU.S.K.O Bachkrant
=260  \\$c1949-1951$bs.n.$aUtrecht
=300  \\$a114 pages$bNewspaper, contains photographs, music examples, illustrations, portraits
=500  \\$aCollection of special issues in newspaper size for bicentennial commemorations of Bach's death by the Student Choir & Orchestra of Utrecht; contains articles by, among others, Wouter Paap, Hans Brandts Buys, Simon Vestdijk, and Karl Gustaf Fellerer
=500  \\$aIn the year of Bach's 200th death anniversary, the Utrecht students (and especially those of the U.S.K.O. anyway, under animated opposition from the traditional student music societies) organised the largest Bach commemoration in the world, under the artistic direction of Hans Brandts Buys and with USKO president Carel Birnie (1926-1995), the later founder and director of the Nederlands Danstheater, as the organising brain.
The Utrecht Bach commemoration included more than 40 concerts (click here for the Annual Programme), many given by the USKO itself (see the USKO agenda here), others by Brandts Buys, chamber music ensembles to which he belonged, Utrecht organists and a guest ensemble from Remscheid (Federal Republic of Germany). A number of concerts were also given in Zeist, Breda and Goes.
This large-scale commemoration was made known by several editions of a Bach newspaper that was distributed door-to-door in Utrecht, with a circulation of 70,000.
=500  \\$aAlthough it was originally planned to publish this newspaper only once (November 1949), after a very favourable reception of the first issue, it was decided to issue a total of seven numbers. Four of these were distributed in Utrecht, one in Zeeland, one in Breda and one in Zeist. After the Bach year, the Bach newspaper was converted into a U.S.K.O newspaper. The first 100 pages of the newspaper were then bundled in a volume, in a brown linen binding with gold stamping
=500  \\$aKTS1 H.11.001 contains the binding of 8 issues
KTS1 H.11.002 contains 6 loose issues (only the 4 Utrecht ones, and 2 U.S.K.O newspapers of 1951)
=600  \0$aBach, Johann Sebastian$d1685-1750$1http://www.wikidata.org/entity/Q1339$94766
=648  \0$a18th Century (1701-1800)$1http://www.wikidata.org/entity/Q7015$920899
=648  \0$a20th Century (1901-2000)$1http://www.wikidata.org/entity/Q6927$920936
=650  \0$aComposer$1http://www.wikidata.org/entity/Q36834$93625
=650  \0$aLegacy$1http://www.wikidata.org/entity/Q623282$922131
=651  \0$aUtrecht (Netherlands)$1http://www.wikidata.org/entity/Q803$9141
=710  \\$4edt$aUniversiteit Utrecht (Netherlands)$1http://www.wikidata.org/entity/Q221653$923566
=856  \\$uhttps://eduardvh.home.xs4all.nl/HBB/bachjaar.html$3articles by Hans Brandts Buys
=942  \\$cPER
=952  \\$00$10$2ddc$40$6KTS_1_000000000000000_H_11_MAP_001$70$8RAR$913533$aORPH$bORPH$cKTS1_H$d2020-07-08$eKoopman$i34C28$oKTS1 H.11.map.001$p20122662$r2021-01-12 00:00:00$w2021-01-12$yPER
=952  \\$00$10$2ddc$40$6KTS_1_000000000000000_H_11_MAP_002_AF$70$8RAR$923560$aORPH$bORPH$cKTS1_H$d2020-07-08$l0$oKTS1 H.11.map.002/a-f$p20143773$r2024-09-09 00:00:00$w2024-09-09$yPER
=999  \\$d13553

