=LDR  00366    a2200109   4500
=001  13554
=100  \\$as.n.$913703
=245  \\$aCharles van Hulthem 1764-1832
=260  \\$c1964
=942  \\$cBOO
=952  \\$00$10$2ddc$40$6BIO_VANH2_D$70$8BIO$913534$aORPH$bORPH$cKTS1_P$d2020-07-08$eKoopman$i34E13$l0$oBIO VANH2 d$p20120816$r2021-01-12 00:00:00$w2021-01-12$yBOO$OKoopman
=999  \\$c13554$d13554

