=LDR  00353    a2200109   4500
=001  13555
=100  \\$as.n.$913703
=245  \\$aAnsbach Woche Weltmusik Bach
=260  \\$c2005
=942  \\$cBOO
=952  \\$00$10$2ddc$40$6BIO_BACH1_E$70$8BIO$913535$aORPH$bORPH$cKTS1_P$d2020-07-08$eKoopman$i35A17$oBIO BACH1 e$p20122540$r2021-01-12 00:00:00$w2021-01-12$yBOO
=999  \\$c13555$d13555

