=LDR  01023aam a2200205   4500
=001  13556
=005  20251003085459.0
=008  250227s1998\\\\||||||||\c|||\00|\0\ger\d
=041  \\$ager
=100  \\$as.n.$913703
=245  \\$a500 Jahre Ansbacher Musikleben.$bExponate von Musikalien der Ansbacher Schlossbibliothek und des Archivs der Ansbacher Kantorei - Schwanenritterkapelle Ansbach 1.-25. November 1998
=260  \\$c1998$aAnsbach$bEvangelisches Bildungswerk Ansbach
=300  \\$a8 pages
=650  \0$aExhibition$1http://www.wikidata.org/entity/Q464980$925353
=650  \0$aCatalogue$1http://www.wikidata.org/entity/Q2352616$1http://www.wikidata.org/entity/Q6941730$921484
=650  \0$aMusic history$1http://www.wikidata.org/entity/Q846047$921373
=651  \0$aAnsbach (Germany)$1http://www.wikidata.org/entity/Q14859$923195
=942  \\$cEPH
=952  \\$00$10$2ddc$40$6TOP_DE_ANS$70$8TOP$913536$aORPH$bORPH$cKTS0$d2020-07-08$eKoopman$i35A41$l0$oTOP DE.ANS$p20122517$r2021-01-12 00:00:00$w2021-01-12$yEPH$OKoopman
=999  \\$d13556

