=LDR  01251cam a2200253 p 4500
=001  13562
=005  20250120120511.0
=008  780308r19761681ne\af\\\\\\\\\000\0\dut\\
=020  \\$a9061740959
=040  \\$aOI
=041  \\$adut
=245  03$a't Amsterdamsch hoerdom.$bBehelzende de listen en streeken, daar zich de hoeren en hoere-waardinnen van dienen ; benevens der zelver maniere van leeven, dwaaze bygelovigheden, en in 't algemeen alles 't geen by dese juffers in ghebruick is
=246  \1$a't Amsterdamse hoerdom
=260  \\$aAmsterdam$aAntwerp$bde Vries-Brouwers$c1976
=300  \\$avi-280 pages, [6] leaves of plates :$billustrations$c18 cm
=500  \\$aFacsimile
=534  \\$cAmsterdam: Van Rijn [Bouman], 1681
=648  \0$a17th Century (1601-1700)$1http://www.wikidata.org/entity/Q7016$920923
=650  \0$aCuckoo$1http://www.wikidata.org/entity/Q18845$922474
=650  \0$aProstitution$1http://www.wikidata.org/entity/Q36633$94678
=651  \0$aAmsterdam (Netherlands)$1http://www.wikidata.org/entity/Q727$9135
=942  \\$cBOO
=952  \\$00$10$2ddc$40$6TOP_NL_AMS_5_000000000000000$70$8TOP$913542$aORPH$bORPH$cKTS0$d2020-07-08$eKoopman$l1$oTOP NL.AMS 5$p20122237$r2022-08-30 00:00:00$s2022-08-10$w2021-01-12$yBOO$OKoopman
=999  \\$d13562

