=LDR  00983aam a2200193   4500
=001  13563
=008  240309s1977\\\\||||||||\||||\00|\0ceng\d
=041  \\$aeng
=245  \\$aGainsborough and His Musical Friends.$bA Celebration of the 250th Anniversary of the Artist's Birth
=260  \\$aLondon$bGreater London Council$c1977
=600  \0$aGainsborough, Thomas$d1727-1788$1http://www.wikidata.org/entity/Q192720$926852
=648  \0$a18th Century (1701-1800)$1http://www.wikidata.org/entity/Q7015$920899
=650  \0$aFine art$1http://www.wikidata.org/entity/Q219625$921579
=650  \0$aMusic history$1http://www.wikidata.org/entity/Q846047$921373
=650  \0$aBiography$1http://www.wikidata.org/entity/Q36279$91927
=651  \0$aLondon (United Kingdom)$1http://www.wikidata.org/entity/Q84$9123
=942  \\$cBOO
=952  \\$00$10$2ddc$40$6BIO_GAIN_F$70$8BIO$913543$aORPH$bORPH$cKTS1_P$d2020-07-08$eKoopman$i41E17$oBIO GAIN f$p20122095$r2021-01-12 00:00:00$w2021-01-12$yBOO$OKoopman
=999  \\$d13563

