=LDR  00518aam a2200145   4500
=001  13566
=008  250617s1998\\\\||||||||\||||\00|\0\dut\d
=020  \\$a9061268567
=041  \\$adut
=245  \\$aWerk in uitvoering.$bNieuwe bijbelvertaling
=260  \\$aHaarlem$bNBG/KBS$c1998
=650  \0$aBible$1http://www.wikidata.org/entity/Q1845$921581
=942  \\$cBOO
=952  \\$00$10$2ddc$40$6LIT_BIBL_A$70$8LIT$913546$aORPH$bORPH$cKM12_2_H$d2020-07-08$eKoopman$i42D18$oLIT BIBL a$p20120068$r2021-01-12 00:00:00$w2021-01-12$yBOO
=999  \\$d13566

