=LDR  01425aam a2200241   4500
=001  13567
=008  231123s1964\\\\\\\f||||\||||\00|\0\eng\d
=041  \\$aeng
=245  \\$aThe Book Collector, $bSpring 1964
=260  \\$c1964$aLondon$bShenval Press
=300  \\$a136 pages
=490  \\$vVolume 13, No. I
=500  \\$aContains an article on the Biblioteka Jagiellonska in Cracow, Poland. 
=505  \\$gContents: "Unfamiliar Libraries VIII"; "The Jagellonian Library, Cracow" (Jerzy Zathey) - "Contemporary Collectors XXXVII"; "A 19th Century collection" (Gordon N. Roy) - "Further reminiscences XXII" (P. H. Muir) - "Some Uncollected Authors XXXVII" ; "Ernest Bramah" (William White) - English Bookbinding XLVIII; English Literary Autographs XLIX; Bibliographical Notes and Queries; Book Reviews.
=610  \0$aBiblioteka Jagiellonska (Cracow, Poland)$1http://www.wikidata.org/entity/Q24101$939244
=650  \0$aBibliophilia$1http://www.wikidata.org/entity/Q214719$921630
=650  \0$aLibrary$1http://www.wikidata.org/entity/Q7075$94229
=650  \0$aBook$1http://www.wikidata.org/entity/Q571$92285
=650  \0$aCollecting$1http://www.wikidata.org/entity/Q208165$92117
=700  \\$aHayward, John$4edt$939243
=942  \\$cBOO
=952  \\$00$10$2ddc$40$6BIB_1_000000000000000_BOOK$70$8BIB$913547$aORPH$bORPH$cKTS0$d2020-07-08$eKoopman$i42E05$l0$oBIB1 BOOK$p20122045$r2021-01-12 00:00:00$w2021-01-12$yPER$OKoopman
=999  \\$d13567

