=LDR  00978aam a2200217   4500
=001  13568
=005  20251003085459.0
=008  230331s1921\\\\||||||||\c|||\00|\0\fre\d
=041  \\$afre
=100  \\$aDieckmann, M.$926004$4aut
=245  \\$aCatalogue de la Bibliotheca Geographica collection M. D. à Arnhem
=260  \\$aAmsterdam$bde Vries$c1921
=500  \\$aOwner's catalog with indication of prices
=650  \0$aLibrary$1http://www.wikidata.org/entity/Q7075$94229
=650  \0$aCatalogue$1http://www.wikidata.org/entity/Q2352616$921484
=650  \0$aCollecting$1http://www.wikidata.org/entity/Q208165$92117
=650  \0$aGeography$1http://www.wikidata.org/entity/Q1071$921798
=651  \0$aArnhem (Netherlands)$1http://www.wikidata.org/entity/Q12269651$923740
=942  \\$cBOO
=952  \\$00$10$2ddc$40$6BIB_4_000000000000000_NL_ARN$70$8BIB$913548$aORPH$bORPH$cKTS0$d2020-07-08$eKoopman$i42E07$l0$oBIB4 NL.ARN$p20122043$r2021-01-12 00:00:00$w2021-01-12$yBOO$OKoopman
=999  \\$d13568

