=LDR  00902aam a2200205   4500
=001  13569
=005  20251003085459.0
=008  230331s1921\\\\||||||||\c|||\00|\0\eng\d
=041  \\$aeng
=245  \\$aCatalogue of the Taylor Collection of Psalm Versions
=260  \\$aAberdeen$bAberdeen University Press$c1921
=300  \\$a307 pages
=610  \0$926007$aTaylor Collection (Aberdeen, United Kingdom)
=650  \0$aLibrary$1http://www.wikidata.org/entity/Q7075$94229
=650  \0$aPsalm$1http://www.wikidata.org/entity/Q12497663$92164
=650  \0$aCatalogue$1http://www.wikidata.org/entity/Q2352616$921484
=651  \0$aAberdeen (United Kingdom)$1http://www.wikidata.org/entity/Q36405$926008
=942  \\$cBOO
=952  \\$00$10$2ddc$40$6BIB_4_000000000000000_GB_ABE$70$8BIB$913549$aORPH$bORPH$cKTS0$d2020-07-08$eKoopman$i42F04$l0$oBIB4 GB.ABE$p20122010$r2021-01-12 00:00:00$w2021-01-12$yBOO$OKoopman
=999  \\$d13569

