=LDR  00844    a2200205   4500
=001  13570
=008  220321s1990\\\\gw\ao|||\||||\00|\0\ger\d
=041  \\$ager
=100  \\$4aut$aVarious$94793
=245  \\$aFestschrift zum Abschluß der Renovierungsarbeiten an der Protestantischen Kirche Assenheim und der historischen Geib-Orgel
=260  \\$c1990
=300  \\$a45 pages
=336  \\$aprinted
=505  \\$gIn contains flyer of a concert
=650  \0$aOrgan$1http://www.wikidata.org/entity/Q1444$92810
=650  \0$aOrganology$1http://www.wikidata.org/entity/Q899293$921400
=651  \0$aGermany$1http://www.wikidata.org/entity/Q183$9155
=942  \\$cBOO
=952  \\$00$10$2ddc$40$6INS_3_100000000000000_E_DE_ASS$70$8INS$913550$aORPH$bORPH$cKTS0$d2020-07-08$eKoopman$i42G32$oINS3.1 e DE.ASS$p20130200$r2021-01-12 00:00:00$w2021-01-12$yBOO
=999  \\$d13570

