=LDR  01032aam a2200217   4500
=001  13571
=005  20250926155722.0
=008  221123s1979\\\\nl\f||||\||||\00|\0\dut\d
=041  \\$adut
=245  \\$aOver kerk en orgel, toren en beiaard:$bDe Grote of Sint Gudulakerk te Lochem
=260  \\$aLochem$bStichting Grote Kerk Lochem$c1979
=300  \\$a19 pages
=610  \0$aSint Gudulakerk (Lochem, Netherlands)$1http://www.wikidata.org/entity/Q30532546$925365
=650  \0$aChurch$1http://www.wikidata.org/entity/Q16970$93776
=650  \0$aOrgan$1http://www.wikidata.org/entity/Q1444$92810
=650  \0$aCarillon$1http://www.wikidata.org/entity/Q505174$94152
=650  \0$aOrganology$1http://www.wikidata.org/entity/Q899293$921400
=651  \0$aLochem (Netherlands)$1http://www.wikidata.org/entity/Q932058$925364
=942  \\$cBOO
=952  \\$00$10$2ddc$40$6INS_3_000000000000000_1E_NL_LOC$70$8INS$913551$aORPH$bORPH$cLOC_UNK$d2020-07-08$eKoopman$i42G35$l0$oINS3.1e NL.LOC$p20120016$r2021-01-12 00:00:00$w2021-01-12$yBOO$OKoopman
=999  \\$d13571

