=LDR  04503aac a2200457   4500
=001  13573
=005  20251003090116.0
=008  221208i19011945|||go|||\||||\00|\0\dut\d
=041  \\$adut$ddut$dger$dita$dlat
=110  \\$4edt$aMaatschappij tot Bevordering der Toonkunst (Amsterdam, Netherlands)$1http://www.wikidata.org/entity/Q5267136$921676
=245  \\$aProgrammaboekjes Naarden, Bussum, Amsterdam
=260  \\$aNaarden$bGroote Kerk$aAmsterdam$bMaatschappij tot Bevordering der Toonkunst$aBussum$bConcordia$c1901-45
=300  \\$a14 program booklets
=505  \\$gProgramma voor de uitvoering der Voorspelen tot en Reien uit Gysbreght van Aemstel van Vondel, voor Koor, Soli en Orkest door Bernard Zweers, onder leiding van Johan J. H. Schoonderbeek in de Kerk der Ned. Herv. Gemeente te Naarden op Zondag den 14 Juli A° D° 1901 -- Programma voor de Zomer Uitvoering in de Groote Kerk te Naarden, onder leiding van Johan Schoonderbeek, op Zondag den 28 Juni A° D° 1903 -- Programma voor de Zomer Uitvoering in de Groote Kerk te Naarden, onder leiding van Johan Schoonderbeek. op Zondag den 19 Juni A° D° 1904 -- Programma voor de Zomer Uitvoering in de Groote Kerk te Naarden, onder leiding van Johan Schoonderbeek. op Zaterdag den 7 Juli A° D° 1906 (2 copies) -- Programma voor de Zomer Uitvoering in de Groote Kerk te Naarden, onder leiding van Johan Schoonderbeek. op Zaterdag den 29 Juni A° D° 1907 -- Programma voor de Zomer Uitvoering in de Groote Kerk te Naarden, onder leiding van Johan Schoonderbeek. op Zaterdag den 4 Juli A° D° 1908 -- Programma voor de Zomer Uitvoering in de Groote Kerk te Naarden, onder leiding van Johan Schoonderbeek. op Zaterdag den 18 Juni A° D° 1910 -- Programma voor de Zomer Uitvoering in de Groote Kerk te Naarden, onder leiding van Johan Schoonderbeek. op Zaterdag den 17 Juni A° D° 1911 (2 copies) -- Programma voor de Zomer Uitvoering in de Groote Kerk te Naarden, onder leiding van Johan Schoonderbeek. op Zaterdag den 20 Juni des avonds te half acht. A° D° 1914 -- Maatschappij tot bevordering der Toonkunst ... Weihnachts-Oratorium 1914 -- Nederlandsche Bach Vereeniging: Programma van de uitvoering op zondag 30 december 1945 in Concordia te Bussum
=600  \0$aVondel, Joost van den$d1587-1679$1http://www.wikidata.org/entity/Q312673$95247
=600  \0$aBach, Johann Sebastian$d1685-1750$1http://www.wikidata.org/entity/Q1339$94766
=600  \0$aMozart, Wolfgang Amadeus$d1756-1791$1http://www.wikidata.org/entity/Q254$95341
=600  \0$aBerlioz, Hector$d1803-1869$1http://www.wikidata.org/entity/Q1151$99542
=600  \0$aBrahms, Johannes$d1833-1897$1http://www.wikidata.org/entity/Q7294$918198
=600  \0$aFauré, Gabriel$d1845-1924$1http://www.wikidata.org/entity/Q104919$917990
=600  \0$aZweers, Bernard$d1854-1924$1http://www.wikidata.org/entity/Q477224$925443
=600  \0$aBossi, Marco Enrico$d1861-1925$1http://www.wikidata.org/entity/Q477559$925442
=600  \0$aDebussy, Claude$d1862-1918$1http://www.wikidata.org/entity/Q4700$918776
=600  \0$aMengelberg, Willem$d1871-1951$1http://www.wikidata.org/entity/Q336725$98237
=600  \0$aWolf-Ferrari, Ermanno$d1876-1948$1http://www.wikidata.org/entity/Q57275$925441
=610  \0$aKoninklijk Concertgebouworkest (Amsterdam, Netherlands)$1http://www.wikidata.org/entity/Q827768$91650
=648  \0$a20th Century (1901-2000)$1http://www.wikidata.org/entity/Q6927$920936
=650  \0$aConcert$1http://www.wikidata.org/entity/Q182832$921044
=650  \0$aLibretto$1http://www.wikidata.org/entity/Q131084$94031
=650  \0$aOratorio$1http://www.wikidata.org/entity/Q85477$91825
=650  \0$aMass$1http://www.wikidata.org/entity/Q217295$92735
=650  \0$aRequiem$1http://www.wikidata.org/entity/Q51616$92858
=650  \0$aCantata$1http://www.wikidata.org/entity/Q174873$921603
=651  \0$aNaarden (Netherlands)$1http://www.wikidata.org/entity/Q9949$972
=651  \0$aAmsterdam (Netherlands)$1http://www.wikidata.org/entity/Q727$9135
=651  \0$aBussum (Netherlands)$1http://www.wikidata.org/entity/Q9909$925444
=700  \\$4lbt$aDante Alighieri$d1265-1321$1http://www.wikidata.org/entity/Q1067$910378
=710  \\$4edt$aNederlandse Bachvereniging (Netherlands)$1http://www.wikidata.org/entity/Q1180197$91774
=942  \\$cEPH
=952  \\$00$10$2ddc$40$6KTS_1_000000000000000_C1_21_16D30$70$8RAR$913553$aORPH$bORPH$cKTS1_C1$d2020-07-08$eKoopman$l0$oKTS1 C1.21 16D30$p20126458$r2021-01-12 00:00:00$w2021-01-12$yEPH$OKoopman
=999  \\$d13573

