=LDR  01270    a2200241   4500
=001  13574
=005  20250925143300.0
=008  220525s1994\\\\|||o||||\c|||\00|\0\eng\d
=041  \\$aeng
=100  \\$aLeonhardt, Gustav$d1928-2012$4col$1http://www.wikidata.org/entity/Q51584$917151
=245  \\$aThe Gustav Leonhardt Collection:$bProperty from the Bartolotti House, Amsterdam
=260  \\$aLondon$bSotheby's$c2014
=300  \\$a172 pages
=648  \0$a20th Century (1901-2000)$1http://www.wikidata.org/entity/Q6927$920936
=650  \0$aInstrumentalist$1http://www.wikidata.org/entity/Q1278335$921706
=650  \0$aHistorically informed performance$1http://www.wikidata.org/entity/Q1344860$920980
=650  \0$aCollecting$1http://www.wikidata.org/entity/Q208165$92117
=650  \0$aApplied arts$1http://www.wikidata.org/entity/Q2865882$921627
=651  \0$aAmsterdam (Netherlands)$1http://www.wikidata.org/entity/Q727$9135
=942  \\$cBOO
=952  \\$00$10$2ddc$40$6BIO_LEON_B$70$8BIO$913554$aORPH$bORPH$cKTS1_P$d2020-07-08$eKoopman$i44C24$oBIO LEON b$p20126647$r2021-01-12 00:00:00$w2021-01-12$yBOO
=952  \\$00$10$2ddc$40$6BIO_LEON_B$70$8BIO$913558$aORPH$bORPH$cKTS1_P$d2020-07-08$eKoopman$i45F14$oBIO LEON b$p20127512$r2021-01-12 00:00:00$w2021-01-12$yBOO
=999  \\$d13574

