=LDR  01066    a2200241   4500
=001  13575
=005  20251003085459.0
=008  211102s2015\\\\-uko||||\||||\00|\0\eng\d
=041  \\$aeng
=245  \\$aAuction of The Christopher Hogwood Collection of Keyboard Instruments.$bThursday 12th March 2015
=260  \\$c2015
=300  \\$a57 pages
=336  \\$aprinted
=500  \\$aIncudes instruments price list
=648  \0$a17th Century (1601-1700)$1http://www.wikidata.org/entity/Q7016$920923
=648  \0$a18th Century (1701-1800)$1http://www.wikidata.org/entity/Q7015$920899
=648  \0$a19th Century (1801-1900)$1http://www.wikidata.org/entity/Q6955$920935
=650  \0$aCatalogue$1http://www.wikidata.org/entity/Q2352616$921484
=650  \0$aKeyboard instrument$1http://www.wikidata.org/entity/Q52954$92849
=651  \0$aUnited Kingdom$1http://www.wikidata.org/entity/Q21$9273
=942  \\$cBOO
=952  \\$00$10$2ddc$40$6INS_3A_HOGW$70$8INS$913555$aORPH$bORPH$cKTS0$d2020-07-08$eKoopman$i44D16$oINS3a HOGW$p20126623$r2021-01-12 00:00:00$w2021-01-12$yBOO
=999  \\$d13575

