=LDR  00406aam a2200121   4500
=001  13576
=008  230918s2012\\\\||||||||\||||\00|\0\ger\d
=041  \\$ager
=245  \\$aDokumentation Buxtehude Preisverl
=260  \\$c2012
=942  \\$cBOO
=952  \\$00$10$2ddc$40$6BIO_BUXT_B$70$8BIO$913556$aORPH$bORPH$cKTS1_P$d2020-07-08$eKoopman$i44E20$l0$oBIO BUXT b$p20126578$r2021-01-12 00:00:00$w2021-01-12$yBOO$OKoopman
=999  \\$d13576

