=LDR  00764    a2200205   4500
=001  13579
=008  220511s1996\\\\fr\af|||\||||\00|\0\fre\d
=020  \\$a2876611457
=041  \\$afre
=100  \\$4aut$aVarious$94793
=245  \\$aLes Orgues d'Eure-et-Loir
=260  \\$c1996$aChambery$bComp'Act
=300  \\$a333 pages
=336  \\$aprinted
=650  \0$aOrgan$1http://www.wikidata.org/entity/Q1444$92810
=650  \0$aOrganology$1http://www.wikidata.org/entity/Q899293$921400
=651  \0$aEure-et-Loir (France)$1http://www.wikidata.org/entity/Q3377$924168
=942  \\$cBOO
=952  \\$00$10$2ddc$40$6INS_3_000000000000000_1A_FR_EUR$70$8INS$913559$aORPH$bORPH$cKTS0$d2020-07-08$eKoopman$i45G18$oINS3.1a FR.EUR$p20127548$r2021-01-12 00:00:00$w2021-01-12$yBOO
=999  \\$d13579

