=LDR  01752aam a2200301   4500
=001  13580
=005  20251003085459.0
=008  211102s2016\\\\-ukoa|||\c|||\00|\0\eng\d
=041  \\$aeng
=100  \\$aWells, Graham$4cur$922662
=245  \\$aThe Richard Burnett Collection$nPart 1: The Richard Burnett Collection of Early Keyboard Instruments; Part 2: The Contents of Finchcocks Musical Museum
=260  \\$aNewbury$bDreweatts$c2016
=300  \\$a2 volumes (100+104 pages)
=610  \0$aFinchcocks Collection (Tunbridge Wells, United Kingdom)$1http://www.wikidata.org/entity/Q5449829$922674
=648  \0$a17th Century (1601-1700)$1http://www.wikidata.org/entity/Q7016$920923
=648  \0$a18th Century (1701-1800)$1http://www.wikidata.org/entity/Q7015$920899
=648  \0$a19th Century (1801-1900)$1http://www.wikidata.org/entity/Q6955$920935
=650  \0$aKeyboard instrument$1http://www.wikidata.org/entity/Q52954$92849
=650  \0$aFurniture$1http://www.wikidata.org/entity/Q14745$927103
=650  \0$aFine art$1http://www.wikidata.org/entity/Q219625$921579
=650  \0$aCatalogue$1http://www.wikidata.org/entity/Q2352616$921484
=650  \0$aAuction$1http://www.wikidata.org/entity/Q177923$93849
=651  \0$aUnited Kingdom$1http://www.wikidata.org/entity/Q21$9273
=700  \\$aBurnett, Richard$d1932-2022$1http://www.wikidata.org/entity/Q75517997$4col$910018
=942  \\$cBOO
=952  \\$00$10$2ddc$3Part 1$40$6INS_3A_FINS$70$8INS$913560$aORPH$bORPH$cKTS0$d2020-07-08$eKoopman$i46B11$oINS3a FINS$p20127615$r2021-01-12 00:00:00$w2021-01-12$yBOO
=952  \\$00$10$2ddc$3Part 1$40$6INS_3A_FINS$70$8INS$913561$aORPH$bORPH$cKTS0$d2020-07-08$eKoopman$i46B11$l0$oINS3a FINS$p20127614$r2021-01-12 00:00:00$w2021-01-12$yBOO$OKoopman
=999  \\$d13580

