=LDR  01241cam a2200265 a 4500
=001  13582
=008  110623s2010\\\\be\af\\\\b\\\\001\0\fre\d
=041  \\$afre
=100  \\$aMaral, Alexandre$4aut$915689
=245  13$aLa chapelle royale de Versailles sous Louis XIV :$bcérémonial, liturgie et musique
=250  \\$a2nd ed.
=260  \\$aWavre$bMardaga$aVersailles$bCMBV$c2010
=300  \\$a476 pages
=490  1\$aÉtudes du Centre de musique baroque de Versailles
=504  \\$aIncludes bibliographical references and indexes.
=600  \0$aLouis XIV$cKing of France$d1638-1715$1http://www.wikidata.org/entity/Q7742$99829
=610  \0$aChâteau de Versailles (France)$1http://www.wikidata.org/entity/Q2946$920958
=648  \0$a17th Century (1601-1700)$1http://www.wikidata.org/entity/Q7016$920923
=650  \0$aChurch music$1http://www.wikidata.org/entity/Q8812109$92283
=650  \0$aOrchestra$1http://www.wikidata.org/entity/Q42998$93159
=650  \0$aCourt$922191
=651  \0$aFrance$1http://www.wikidata.org/entity/Q142$9131
=942  \\$cBOO
=952  \\$00$10$2ddc$40$6TOP_FR_VER_5_000000000000000$70$8TOP$913562$aORPH$bORPH$cKTS0$d2020-07-08$eKoopman$i46E04$oTOP FR.VER 5$p20126969$r2021-01-12 00:00:00$w2021-01-12$yBOO
=999  \\$d13582

