=LDR  01145aam a2200229   4500
=001  13584
=005  20251003085459.0
=008  221202s1935\\\\||||||||\c|||\00|\0\fre\d
=041  \\$afre
=100  \\$aBlumenthal, W.$4col$925420
=245  \\$aCatalogue des objets d'art et d'ameublement du XVIIIe siècle ... composant la collection de Monsieur W. B.
=260  \\$aParis$bCharpentier$c1935
=590  \\$adont la vente aux enchères publiques aura lieu à Paris Galerie Jean Charpentier le Venredi 29 Novembre 1935
=648  \0$a20th Century (1901-2000)$1http://www.wikidata.org/entity/Q6927$920936
=650  \0$aFine art$1http://www.wikidata.org/entity/Q219625$921579
=650  \0$aApplied arts$1http://www.wikidata.org/entity/Q2865882$921627
=650  \0$aAuction$1http://www.wikidata.org/entity/Q177923$93849
=650  \0$aCatalogue$1http://www.wikidata.org/entity/Q2352616$921484
=651  \0$aParis (France)$1http://www.wikidata.org/entity/Q90$9160
=942  \\$cBOO
=952  \\$00$10$2ddc$40$6VIS_BAUD$70$8VIS$913564$aORPH$bORPH$cKTS1_H$d2020-07-08$eKoopman$i47A07$l0$oVIS BAUD$p20123777$r2021-01-12 00:00:00$w2021-01-12$yBOO$OKoopman
=999  \\$d13584

