=LDR  00990aam a2200193   4500
=001  13585
=005  20251003085459.0
=008  230412s1935\\\\||||||||\c|||\00|\0\fre\d
=041  \\$afre
=110  \\$4col$926048$aMargossian family
=245  \\$aCollection Margossian :$bTableaux anciens, dessins ... Tableaux Modernes, Objets d'Art et d'Ameublement ... Tapisseries, ... Dont la vente aux enchères publiques aura lieu Hotel Drouot Le Jeudi 21 Novembre 1935
=260  \\$aParis$bDrouot$c1935
=650  \0$1https://www.wikidata.org/wiki/Q219625$aFine art$1http://www.wikidata.org/entity/Q219625$921579
=650  \0$aAuction$1http://www.wikidata.org/entity/Q177923$93849
=650  \0$aCatalogue$1http://www.wikidata.org/entity/Q2352616$921484
=651  \0$1http://www.wikidata.org/entity/Q142$aFrance$9131
=942  \\$cBOO
=952  \\$00$10$2ddc$40$6VIS_BAUD$70$8VIS$913565$aORPH$bORPH$cKTS1_H$d2020-07-08$eKoopman$i47A08$l0$oVIS BAUD$p20123776$r2021-01-12 00:00:00$w2021-01-12$yBOO$OKoopman
=999  \\$d13585

