=LDR  00365    a2200109   4500
=001  13586
=100  \\$as.n.$913703
=245  \\$aCollection Lehmann (1) Catalogue
=260  \\$c1925
=942  \\$cBOO
=952  \\$00$10$2ddc$40$6VIS_BAUD$70$8VIS$913566$aORPH$bORPH$cKTS1_H$d2020-07-08$eKoopman$i47A09_1$l0$oVIS BAUD$p20123775$r2021-01-12 00:00:00$w2021-01-12$yBOO$OKoopman
=999  \\$c13586$d13586

